2118 2591
1063 70 1118 113 52

274 197 332 232 est
357 194 496 243 quidem
521 193 628 242 hujus
656 194 882 244 quaestionis,
908 191 1119 239 dijudicare,
1144 195 1315 241 quatenus
1332 193 1383 229 ita
1398 195 1591 231 sentientes
1607 195 1656 241 id,
1681 194 1775 244 quod
1787 205 1911 232 verum

272 257 348 297 est,
372 252 436 289 vel
449 252 624 298 viderint,
660 253 723 290 vel
748 263 818 288 non
841 250 1014 297 viderint,
1039 251 1107 288 sed
1129 250 1211 288 inde
1228 254 1344 287 tamen
1367 251 1519 300 intelligi
1541 257 1679 300 potest,
1703 253 1908 301 hominibus,

273 312 333 357 qui
356 312 393 346 in
417 321 463 347 ea
490 311 655 358 opinione
673 312 920 353 versarentur,
953 309 1097 357 probari
1121 321 1191 345 non
1221 310 1380 357 potuisse
1410 309 1594 357 religionis
1626 321 1758 357 genus,
1779 313 1816 347 in
1838 322 1908 358 quo

271 369 371 404 initia
394 379 439 405 ac
456 370 589 405 semina
613 369 712 404 vitae
731 365 923 403 commodis
947 366 1120 403 humanae
1143 367 1327 403 societatis
1351 368 1492 403 inimica
1516 368 1684 405 inessent.
1731 369 1836 406 Hanc
1861 368 1906 406 ob

276 437 439 463 caussam
463 426 509 462 ab
533 426 639 472 hujus
664 426 817 460 nationis
843 424 996 461 moribus
1020 437 1090 461 non
1119 424 1302 469 abhorret,
1326 437 1428 473 quum
1442 425 1612 471 traditur,
1637 430 1674 462 et
1691 427 1908 474 Aegyptios,

272 485 342 531 qui,
366 485 458 519 omni
473 483 660 519 honestate
672 481 872 531 repudiata,
896 484 1057 531 corporis
1080 481 1323 530 voluptatibus
1339 483 1580 530 indulsissent,
1604 485 1640 519 in
1655 494 1821 531 graecam
1832 487 1907 519 ter-

271 553 347 577 ram
366 552 546 588 egressos,
571 541 610 577 vi
634 540 756 586 illata,
782 542 942 588 periisse,
968 544 1004 576 et
1020 541 1136 576 Danai
1161 540 1265 586 filias,
1289 551 1380 588 quae
1404 545 1636 590 aspernantes
1661 540 1907 586 conditionem,

272 610 341 644 qua
375 602 491 633 natae*
507 602 647 642 essent,
689 610 842 646 sponsos
874 602 1078 642 necassent,
1112 599 1231 645 justas
1265 597 1474 645 debitasque
1511 610 1646 647 poenas
1676 598 1910 647 persolvisse·

270 655 510 693 Existimabat
534 657 641 701 enim,
685 655 744 692 ubi
769 655 891 693 divina
915 660 951 692 et
980 654 1130 691 humana
1159 655 1339 704 sapienter
1361 657 1537 704 permixta
1562 660 1700 703 essent,
1737 656 1785 693 ibi
1809 666 1911 693 com-

269 725 408 750 munem
438 715 588 750 salutem
616 715 760 761 augeri,
798 718 835 749 et
858 715 1054 758 civitatem,
1101 724 1191 761 quae
1220 713 1290 750 hoc
1313 713 1454 761 legibus
1478 716 1675 759 sanxisset,
1714 714 1771 758 id,
1812 713 1908 760 quod

272 771 408 817 vellet,
446 772 616 808 facillime
651 777 944 819 consequuturam
979 781 1071 807 esse.
1144 772 1268 819 Itaque
1291 770 1422 819 Argivi
1446 772 1778 820 Hypermestram,
1817 780 1909 818 quae

272 828 424 876 Lynceo
449 832 678 877 pepercerat,
722 839 789 864 nec
812 829 1062 864 matrimonium
1086 827 1373 873 detrectaverat,
1415 840 1517 876 quum
1541 840 1564 863 a
1587 829 1714 864 Danao
1738 831 1908 864 accusata

273 890 389 933 esset,
423 886 519 935 quod
544 891 669 925 contra
689 888 828 934 jussum
851 887 1016 932 fecisset,
1050 888 1140 924 omni
1173 886 1280 935 culpa
1309 886 1513 924 liberarunt.

369 946 475 981 Hauc
507 956 590 981 esse
623 947 731 981 totius
761 945 905 982 fabulae
932 957 1113 989 summam,
1151 948 1194 980 et·
1217 944 1298 980 hinc
1322 947 1472 981 maxime
1498 945 1653 993 perspici
1677 955 1785 992 posse
1809 947 1906 991 puto,

274 1002 359 1051 quid
383 1003 536 1049 Graeci,
561 1015 663 1052 quum
687 1003 785 1039 illam
810 1002 1003 1052 fingerent,
1034 1003 1243 1051 praecipere
1267 1002 1455 1040 voluerint.
1509 1002 1717 1040 Narrabant
1740 1012 1817 1039 eam
1839 1001 1907 1038 ho-

274 1064 386 1098 mines
409 1064 609 1110 sapientes,
645 1066 684 1098 ut
707 1062 892 1099 multitudo
928 1063 1087 1109 imperita
1118 1061 1260 1096 facilius
1292 1063 1510 1109 perciperet,
1553 1073 1622 1108 qua
1646 1061 1731 1107 lege
1766 1071 1811 1095 ac
1843 1071 1910 1095 ne-

276 1121 448 1156 cessitate
472 1119 596 1156 divina
627 1119 853 1167 adtingerent
894 1119 1054 1156 humana.
1121 1117 1171 1154 Ut
1201 1119 1291 1154 enim
1326 1129 1455 1167 corpus
1485 1121 1601 1154 mente
1623 1120 1729 1164 atque
1759 1117 1909 1162 ratione,

274 1189 365 1225 quae
388 1179 424 1213 in
449 1189 494 1214 eo
518 1181 633 1223 esset,
659 1177 864 1226 dignitatem
888 1178 1040 1225 aliquam
1062 1177 1345 1222 nancisceretur,
1382 1187 1450 1213 nec
1476 1180 1610 1222 tamen,
1645 1172 1791 1224 propter
1813 1174 1909 1222 quod

273 1239 430 1272 creatum
463 1239 578 1280 esset,
615 1235 653 1271 id
689 1235 835 1272 efficere
873 1235 1071 1280 desineret,
1105 1236 1159 1270 sic
1188 1245 1303 1282 genus
1340 1245 1478 1283 quoque
1510 1234 1714 1278 humanum,
1760 1233 1828 1269 etsi
1860 1231 1909 1267 ad

272 1295 388 1340 majus
413 1293 606 1341 quoddam,
640 1305 741 1342 quam
766 1293 814 1330 ad
838 1305 894 1340 ea,
918 1303 1010 1341 quae
1032 1296 1160 1328 natura
1184 1292 1415 1337 disideraret,
1439 1290 1620 1341 explenda
1642 1291 1773 1327 sactum
1797 1294 1834 1326 et
1856 1290 1908 1325 ita

274 1353 428 1399 genitum
451 1355 565 1398 esset,
589 1355 628 1388 ut
644 1352 828 1400 religionis
853 1353 892 1388 vi
917 1351 965 1386 ad
988 1350 1047 1386 dei
1071 1349 1329 1386 similitudinem
1349 1349 1559 1395 accederet,
1582 1352 1697 1403 tamen
1717 1346 1910 1384 censebant

273 1411 513 1457 ignoraturum
529 1421 623 1455 esse,
649 1421 714 1446 cur
727 1411 762 1445 in
783 1409 852 1445 hac
867 1410 945 1446 vita
969 1411 1085 1452 esset,
1110 1408 1141 1442 si
1166 1406 1214 1453 id,
1238 1407 1333 1455 quod
1357 1407 1404 1443 ad
1427 1419 1504 1444 eam
1527 1408 1738 1456 pertineret,
1761 1416 1909 1454 prorsus

275 1471 462 1516 sperneret
487 1478 530 1503 ac
554 1469 733 1514 rejiceret.
780 1468 981 1515 Propterea
997 1477 1159 1512 amorem,
1184 1466 1355 1502 hominum
1372 1467 1493 1501 animis
1509 1470 1637 1501 natura
1655 1466 1907 1512 ingeneratum,

274 1537 358 1563 esse
373 1526 597 1573 interjectum
619 1536 664 1562 ac
685 1525 834 1561 medium
857 1527 949 1562 inter
973 1524 1095 1561 divina
1119 1530 1155 1562 et
1178 1525 1338 1570 humana,
1363 1527 1401 1560 ut
1425 1534 1469 1561 ea
1492 1525 1584 1561 inter
1607 1534 1649 1559 se
1673 1522 1907 1567 consociaret,

273 1588 310 1620 et
334 1588 497 1631 tanquam
526 1587 733 1619 momentum
764 1588 878 1628 esset,
917 1594 987 1630 quo
1015 1582 1082 1618 illa
1111 1593 1153 1618 se
1185 1582 1513 1630 complecterentur.
1569 1580 1710 1616 Idcirco
1745 1579 1792 1614 ad
1814 1579 1907 1615 hanc
1929 1578 1932 1582 '

273 1642 493 1679 Graecorum
526 1641 795 1689 intelligentiam
827 1651 1037 1688 sensumque
1063 1640 1361 1677 accommodatum
1381 1643 1455 1684 est,
1493 1650 1594 1686 quum
1617 1639 1653 1673 in
1678 1636 1907 1686 supplicibus

271 1712 327 1736 vv.
345 1699 550 1735 1016-18
574 1700 700 1736 Venus
724 1699 827 1736 velut
851 1699 922 1735 dea
945 1700 1188 1747 potentissima
1211 1698 1422 1743 celebratur,
1447 1699 1550 1744 eique
1574 1707 1643 1731 una
1666 1706 1743 1731 cum
1763 1694 1907 1731 Junone

273 1759 454 1806 proximus
479 1770 501 1794 a
523 1757 627 1795 Jove
658 1757 762 1794 locus
787 1757 1013 1806 adsignatur:

679 1814 858 1857 Κύπριδος
880 1812 974 1848 δὀιῗκ
995 1810 1114 1854 οἷμελεΐ
1132 1816 1177 1846 &s
1194 1830 1236 1838 ——

679 1865 764 1907 σμὸς
786 1862 840 1899 δ’δ’
860 1863 1012 1909 εὔφρων·
1042 1862 1190 1898 δύναται
1209 1863 1275 1906 γάρ

678 1917 764 1955 Διὸς
785 1916 908 1959 Hypsa
929 1916 994 1949 σύν
1004 1911 1096 1958 ε’Ῑεῖρσρι

270 1973 308 2006 et
330 1970 366 2004 in
390 1968 610 2004 Danaidibus
634 1980 705 2005 non
729 1969 874 2014 Cereri,
900 1967 995 2016 quod
1021 1978 1070 2003 ex
1093 1965 1140 2002 cl.
1162 1965 1345 2004 Stuhrii
1368 1964 1544 2000 sententia
1567 1962 1807 2007 arbitrareris,
1839 1960 1907 1997 sed

271 2028 408 2064 Veneri
431 2030 554 2076 partes
578 2031 659 2062 sunt
683 2026 809 2072 datae,
841 2032 880 2063 ut
903 2037 1068 2063 caussam
1090 2025 1396 2073 Hypermnestrae
1420 2020 1677 2058 defendendam
1699 2020 1908 2068 susciperet,

271 2087 440 2134 pacisque
461 2086 599 2122 oratrix
621 2086 822 2122 exsisteret.

367 2158 432 2195 Ex
454 2158 509 2194 his
532 2160 640 2207 igitur
663 2159 914 2207 cognoscitur,
955 2170 979 2194 a
1008 2157 1227 2194 Graecorum
1258 2158 1358 2192 certe
1393 2152 1548 2190 moribus
1572 2154 1678 2200 atque
1712 2150 1910 2188 eruditione

270 2229 342 2254 non
373 2216 617 2262 abhorruisse,
641 2217 814 2265 mythum,
838 2218 896 2265 qui
919 2220 976 2252 est
1001 2215 1048 2252 de
1065 2216 1108 2252 Io
1132 2216 1282 2262 ejusque
1305 2213 1495 2263 progenie,
1530 2208 1815 2259 quemadmodum
1839 2219 1910 2243 ex-

271 2276 398 2326 plicui,
435 2277 490 2312 sic
513 2276 747 2323 interpretari.
808 2275 888 2313 Sed
912 2276 1017 2311 etiam
1041 2272 1282 2321 Aeschylum,
1318 2282 1421 2321 quum
1455 2269 1550 2307 hunc
1577 2267 1734 2317 mythum
1765 2266 1908 2302 scenice

273 2338 435 2379 ornaret,
460 2333 587 2370 eadem
611 2334 818 2381 respexisse
842 2337 880 2369 et
903 2334 939 2368 in
961 2336 1077 2368 mente
1101 2332 1277 2378 agitasse,
1300 2328 1340 2366 id
1363 2340 1441 2365 cum
1464 2338 1514 2364 ex
1535 2327 1640 2361 animi
1662 2326 1796 2372 pietate
1817 2324 1909 2370 ejus,
