2118 2591
1099 77 1127 119 6

304 211 377 238 rum
401 197 525 237 fabula
548 210 604 235 vv.
622 200 824 245 93—1013
866 205 1049 248 postquam
1078 203 1169 235 emm
1198 201 1328 236 chorus
1364 197 1542 247 ingentem
1570 203 1782 239 armatorum
1805 201 1944 251 eopia-

307 258 486 305 omniaque
510 256 707 305 praesidia,
730 259 855 306 quibus
879 257 1024 305 adjutus
1041 257 1188 294 Xerxes
1206 257 1358 294 Graecis
1383 257 1513 294 bellum
1535 258 1732 305 intulisset,
1757 269 1940 298 enumera-

298 317 374 360 vit,
400 318 436 351 et
460 315 599 352 idcirco
624 318 803 367 speravit,
828 316 918 360 fore,
942 319 983 351 ut
1007 317 1124 352 omnia
1147 309 1238 352 bene
1263 317 1466 361 evenirent,
1491 316 1618 359 subito,
1644 319 1746 364 quasi
1770 319 1941 356 divinitus

299 373 505 422 perculsus,
530 375 669 419 metuit,
695 384 739 411 ne
764 373 822 410 dei
847 373 1034 421 cujusdam
1058 374 1157 411 fraus
1182 379 1311 411 cuncta
1334 379 1592 423 prosterneret,
1618 379 1656 412 et
1679 375 1728 413 ad
1750 377 1940 415 Persarum

299 434 494 480 perniciem
518 432 749 468 incumberet:

870 487 1065 530 Δολόμητιν
1087 486 1117 521 δ’
1128 486 1267 521 ἀπάταν
1286 490 1376 521 θεοῦ

877 540 937 576 Τίς
959 536 1043 579 α’νήρ
1065 539 1194 576 θνατὸς
1216 536 1354 578 «faigm

881 590 939 626 Τίς
960 587 982 621 o‘
1003 590 1155 632 κραιπνῷ
1174 590 1258 621 ποδὶ
1278 588 1370 630 πηδή
1388 609 1430 616 -

872 651 978 679 ματος
1000 637 1161 678 εὖπετέος
1184 637 1362 680 οἷνάσσωνς

874 689 1061 734 Φιλόφρων
1081 689 1145 734 γάρ
1169 692 1288 724 σαίνου
1309 708 1350 715 -

876 750 920 773 σα
947 741 986 774 τὸ
1007 743 1161 785 πρῶτον,
1192 740 1340 783 παράγει

872 793 1005 834 Βροτὸν
1034 793 1082 830 εἰς
1103 790 1287 835 ἄρκύςατα,

875 843 988 877 Τόθεν
1009 841 1071 876 ov’x
1089 843 1160 879 ἕςιν
1180 842 1266 886 niusa
1287 846 1358 877 θνα
1378 861 1419 868 —-

869 897 930 928 τὸν
951 893 1121 935 daugma
1143 899 1271 938 φυγεῖν.

399 946 547 983 Omnino
572 957 732 993 magnam
755 947 860 993 hujus
886 947 960 982 loci
995 946 1253 982 similitudinem
1291 957 1374 982 esse
1398 957 1476 981 cum
1499 946 1597 982 initio
1620 946 1764 983 fabulae
1787 951 1942 993 nostrae,

300 1005 458 1051 ignorari
482 1017 553 1041 non
576 1008 697 1053 potest
724 1007 798 1049 ¹0).
861 1005 931 1042 Hic
969 1009 1081 1041 metus
1105 1005 1314 1053 Supplicum
1345 1006 1380 1040 in
1403 1006 1464 1049 iis,
1501 1015 1592 1051 quae
1624 1010 1833 1053 sequuntur,
1871 1018 1942 1043 non

301 1064 483 1106 minuitur,
517 1063 585 1100 sed
604 1064 752 1107 crescit,
784 1073 850 1098 nec
876 1068 991 1099 tamen
1016 1063 1201 1110 quidquam
1225 1061 1373 1106 accidit,
1412 1073 1460 1098 ex
1480 1073 1552 1108 quo
1577 1067 1831 1109 cognoscatur,
1863 1074 1942 1100 eum

300 1131 372 1156 non
404 1124 537 1158 temere
568 1123 605 1158 in
635 1121 835 1157 Danaidum
869 1123 991 1158 animis
1022 1122 1234 1158 concitatum
1258 1130 1358 1165 esse3
1394 1121 1531 1167 itaque,
1557 1121 1637 1167 quia
1660 1122 1696 1156 in
1720 1124 1798 1158 tota
1819 1121 1942 1158 fabula

299 1190 371 1215 non
394 1181 570 1224 cernitur,
611 1180 696 1227 quid
728 1180 892 1216 molitura
924 1180 1149 1216 necessitatis
1186 1179 1307 1214 fatalis
1339 1179 1398 1215 vis
1421 1177 1630 1225 Supplicum
1663 1183 1812 1227 pectora
1843 1181 1942 1216 curis

302 1240 374 1272 tam
405 1238 521 1273 anxiis
552 1237 772 1285 impleverit,
807 1249 877 1273 non
901 1248 1086 1285 possumus
1117 1248 1188 1273 non
1213 1240 1388 1282 statuere,
1413 1235 1581 1284 quidquid
1605 1236 1728 1283 fuerit,
1762 1237 1848 1284 hoc,
1872 1239 1942 1275 nisi

300 1294 490 1342 adjuncto,
517 1308 585 1344 quo
607 1295 662 1342 id,
686 1296 780 1344 quod
803 1298 840 1333 in
864 1296 1052 1345 tragoedia
1076 1301 1198 1333 nostra
1222 1297 1283 1343 agi
1308 1300 1471 1343 coeptum
1493 1300 1610 1340 esset,
1634 1296 1682 1331 ad
1706 1298 1838 1333 exitum
1853 1308 1940 1344 pro-

302 1354 381 1400 pius
407 1354 662 1399 adduceretur,
685 1355 838 1402 intelligi
862 1367 933 1391 non
957 1356 1127 1403 potuisse.
1174 1355 1243 1390 His
1268 1353 1424 1389 omnibus
1443 1355 1614 1401 quaesitis
1637 1358 1742 1402 atque
1772 1353 1941 1391 conside-

301 1412 388 1447 ratis
417 1411 499 1448 mihi
530 1412 746 1460 persuadere
777 1425 847 1450 non
879 1425 1039 1462 possum,
1079 1413 1123 1449 ab
1148 1412 1336 1461 Aeschylo
1361 1411 1590 1460 Supplicibus
1620 1413 1656 1449 in
1686 1413 1831 1460 trilogia
1861 1424 1939 1449 eum

300 1470 419 1505 locum
444 1481 527 1506 esse
551 1470 798 1518 adsignatum,
823 1474 859 1507 in
883 1483 1001 1518 quem,
1035 1476 1196 1518 tanquam
1220 1473 1255 1506 in
1279 1470 1443 1512 inedium,
1470 1471 1661 1518 praecipua
1685 1472 1834 1506 actionis
1855 1482 1939 1518 pars

300 1526 473 1573 ferretur,
502 1529 623 1576 itaque
649 1530 752 1565 istam
776 1529 949 1575 fabulam,
982 1531 1062 1578 quia
1086 1540 1252 1577 nusquam
1275 1534 1332 1565 est
1356 1527 1537 1573 absoluta,
1562 1528 1629 1565 sed
1651 1530 1833 1566 maximam
1853 1541 1937 1578 par-

348 1647 403 1689 .¹⁰)
424 1649 490 1680 Hae
509 1659 616 1681 caussa
634 1655 733 1681 motus
754 1650 785 1680 in
807 1661 861 1732 v}
882 1652 921 1682 71
934 1652 1021 1682 —76

668 1699 801 1733 Γόεδνα
870 1698 956 1733 ‹iv-‘n
983 1701 1034 1732 io
1061 1713 1099 1732 αι

665 1741 903 1781 Δειμαίνουσα
925 1701 1058 1783 φιξῖοζυςμ
1067 1740 1170 1778 vagae
1197 1741 1308 1782 φυγᾶς

666 1777 800 1823 'Aeetas
821 1778 890 1813 οἷπό
913 1782 975 1822 γᾶς

667 1822 712 1854 Εἴ
728 1833 780 1859 τις
800 1821 849 1856 tet
871 1821 1035 1864 κηδεμών.

663 1858 773 1894 Ἀλλὰ
794 1864 874 1895 θεοῖ
894 1862 1045 1904 γενέται,
1077 1858 1183 1894 κλύετ’
1204 1856 1242 1893 εὖ
1262 1861 1301 1893 τὸ
1325 1861 1459 1894 δίκαιον
1477 1861 1608 1898 {dones
1628 1861 1734 1893 κ.τ.λ.

426 1910 547 1954 φίλους
568 1915 744 1944 mutaverim
766 1915 797 1945 in
820 1913 941 1952 θεούς,
975 1924 1064 1954 quum
1094 1914 1171 1944 illud
1193 1914 1368 1945 vocabulum
1397 1915 1452 1945 hoe
1474 1914 1541 1945 loco
1569 1914 1658 1954 plane
1678 1913 1720 1945 sit
1739 1913 1884 1949 otiosum,
1907 1915 1936 1943 et

427 1955 626 1994 cogitatorum
648 1955 760 1985 seriem
781 1957 890 1986 turbat.
933 1957 1067 1987 Primum
1090 1956 1146 1985 boc
1166 1955 1295 1994 Aegypti
1314 1955 1391 1986 filios
1412 1955 1583 1995 designari-1,
1604 1963 1639 1985 eo
1660 1956 1760 1986 minas
1779 1953 1936 1993 probabile

426 2000 490 2031 est,
520 1995 599 2033 quod
620 1995 775 2026 Danaides
796 1997 965 2034 patrueles,
998 2005 1073 2035 quos
1094 1996 1153 2025 sibi
1175 1996 1348 2026 cedentibus
1368 1996 1510 2026 atrociter
1530 1996 1644 2026 instare
1665 1996 1724 2025 iam
1745 1994 1847 2033 paullo
1868 1997 1937 2024 ante

424 2036 548 2074 questae
570 2039 672 2072 erant,
695 2045 750 2074 per
771 2046 803 2066 se
823 2036 1088 2075 pertimescebant;
1118 2035 1225 2066 deinde
1243 2036 1384 2076 Aeschyli
1405 2036 1563 2076 diligentia
1583 2040 1671 2074 atque
1692 2034 1857 2066 subtilitate
1877 2043 1936 2064 non

425 2076 500 2106 satis
522 2076 648 2115 dignum
670 2076 827 2113 videatur,
848 2078 888 2106 ita
912 2078 1028 2107 dicere:
1051 2077 1293 2114 pertimescentes
1315 2078 1483 2115 patrueles,
1505 2078 1533 2106 si
1554 2076 1621 2114 quis
1636 2076 1773 2113 (eorum)
1793 2075 1881 2114 fugae
1898 2075 1941 2104 ab

425 2117 562 2155 Aegypto
584 2125 689 2148 curam
707 2122 814 2156 ξοπιες
835 2126 902 2147 nam
923 2118 994 2147 illos
1014 2117 1103 2155 rugae
1124 2117 1257 2155 gessisse
1278 2126 1380 2147 curem
1402 2121 1535 2152 metat,
1557 2120 1586 2145 et
1607 2116 1676 2146 ideo
1686 2115 1839 2145 Danaides
1860 2115 1936 2144 deo-

426 2164 493 2185 rum
515 2157 670 2194 supplices
691 2157 788 2188 saetae
810 2161 906 2187 erant.
961 2157 1042 2193 Quae
1065 2166 1153 2195 quum
1174 2157 1301 2188 vidisset
1322 2157 1399 2188 doct.
1422 2156 1616 2192 sennanim,
1645 2159 1677 2186 ut
1696 2155 1764 2186 low
1785 2154 1937 2186 laboranti

424 2201 629 2233 succurreret,
650 2198 782 2236 monuit,
812 2198 906 2229 verba
926 2198 1032 2230 τᾶσδε
1054 2197 1164 2240 φυγᾶς
1185 2206 1245 2229 non
1267 2198 1305 2229 ad
1327 2197 1466 2240 φίλους,
1497 2197 1552 2229 sed
1573 2196 1612 2228 ad
1633 2190 1863 2235 ἆνθεμᾶζομαι
1884 2204 1938 2225 re-

424 2237 553 2274 ferenda
582 2247 665 2274 esse,
703 2240 746 2269 ita
772 2245 909 2269 vertens:
942 2239 1087 2274 Querelas
1115 2239 1269 2270 tundimus
1290 2254 1332 2262 -
1358 2239 1388 2269 ai
1410 2239 1478 2277 quis
1498 2238 1588 2277 fugae
1609 2236 1735 2277 hujusce
1756 2243 1877 2267 nautae
1897 2235 1935 2281 ab

425 2278 564 2317 Aegypto
585 2286 688 2308 euram
709 2285 808 2317 gerat,
829 2280 883 2310 sed
906 2288 982 2318 quae
1002 2280 1151 2310 sententia
1169 2280 1228 2311 snb
1249 2279 1298 2310 bis
1318 2278 1420 2310 verbis
1441 2277 1633 2319 subjicienda
1653 2280 1748 2313 emet,
1768 2282 1828 2308 aaa
1844 2273 1936 2304 addi-

425 2318 485 2355 dit,
507 2328 562 2349 nec
582 2318 650 2357 ipse
672 2319 769 2350 locum
790 2321 984 2359 perspexisse
1005 2320 1140 2356 videtur,
1163 2325 1197 2351 ut
1218 2329 1257 2351 ex
1280 2329 1316 2350 eo
1337 2319 1536 2367 intelli-gitur,
1557 2318 1637 2357 quod
1651 2317 1764 2348 anie-s
1778 2313 1936 2363 (φίζους)

423 2362 453 2388 et
473 2359 625 2397 patrueles
648 2360 770 2390 eosdem
794 2370 860 2391 esse
882 2361 975 2397 dixit,
1006 2365 1050 2398 et,
1078 2369 1254 2399 quamquam
1277 2360 1376 2391 Genit.
1397 2359 1506 2391 τασόε
1526 2357 1639 2398 φυγαῖς
1659 2366 1698 2387 ex
1716 2355 1810 2387 veruo
1832 2355 1938 2386 ανθε-
