2118 2591
1050 73 1111 114 261

261 195 461 233 maneribus
484 205 575 232 sesa-
588 200 826 235 moverent.
875 196 987 241 Quum
1008 196 1046 232 in
1068 195 1241 233 bominum
1264 195 1438 231 societate
1463 195 1636 244 cujusquo
1660 197 1733 241 sit,
1756 200 1895 235 certum

260 253 436 301 quoddam
456 255 646 301 negotium
660 257 860 303 suscipere,
900 258 943 289 et
961 265 1027 302 pro
1051 254 1188 291 viribus
1218 265 1261 290 ac
1296 252 1529 289 facultatibus
1559 255 1709 290 omnium
1741 255 1891 292 salutem

260 310 458 357 adjuvare,
499 316 571 347 tum
601 312 802 348 feminarum
834 311 900 346 has
931 315 1053 359 partes
1077 323 1160 348 esse
1183 311 1364 357 videmus,
1401 314 1440 346 ut
1463 311 1554 347 viris
1574 314 1705 359 nuptae
1729 313 1890 351 subolem

258 367 489 417 producant,‘
512 374 618 419 atque
648 381 707 406 res
738 369 952 407 domesticas
990 369 1242 409 administrent.
1309 370 1515 417 Quicunque
1559 373 1675 407 autem
1707 371 1891 409 societatis

260 427 451 462 commodis
485 427 603 471 deest,
642 438 708 463 nec
740 438 813 463 rem
846 439 945 463 suam
975 439 1054 464 cum
1087 429 1152 464 illa
1184 429 1468 478 communicatam
1491 430 1607 476 putat,
1647 427 1706 463 hic
1730 429 1764 463 ei
1788 431 1889 475 quasi

259 482 473 520 decisionem
496 485 729 530 renuntiavit,
753 488 791 520 et
815 485 925 521 vitam
949 485 994 522 ab
1019 485 1100 522 aliis
1123 487 1321 533 sejunctam
1345 485 1454 534 dogit.
1502 484 1608 531 Quod
1631 486 1662 521 si
1686 484 1890 522 adllanai-

259 541 342 587 des,
367 552 458 589 quae
482 543 531 578 ab
550 544 649 578 omni*
665 544 884 580 matrimonio
908 544 1085 591 refugisse
1108 544 1289 588 dicuntum,
1324 543 1644 588 accommodamus,
1683 554 1798 579 noune
1822 555 1890 591 pu·-

256 599 400 635 tandum
424 602 499 644 est,
538 610 659 636 earum
681 600 903 649 Aeschylum
934 601 1127 637 nominibus
1163 612 1261 636 usum
1285 611 1384 645 esse,
1423 604 1463 636 ut
1485 601 1604 637 vitam-
1619 600 1891 646 sacerdotalem,

257 668 348 703 quae
369 667 411 693 se
432 657 561 694 officiis
583 659 818 695 communibus
834 670 877 695 ac
893 659 1057 695 civilibus
1073 659 1245 705 adstringi
1269 669 1340 694 non
1357 661 1556 706 pateretur,
1584 658 1890 706 designaret²²)‘3

256 715 344 750 Alia
367 715 506 762 quidem
530 726 589 752 res
615 720 730 760 esset,
768 718 799 751 si
832 716 1067 752 tautummodo
1100 715 1335 764 patruelibus,
1370 717 1452 762 quia
1474 719 1620 764 propter
1645 718 1890 763 cognationem

255 772 359 809 nefas
383 776 585 821 putassent,
620 773 754 810 nubere
777 774 974 810 noluissent
979 789 992 819 3
1029 778 1099 810 tum
1131 774 1239 811 facile
1264 773 1495 810 demonstrari
1517 777 1657 821 posset,
1697 774 1753 818 id,
1794 774 1889 821 quod

257 830 476 866 concludere
499 830 648 875 vellem,
673 843 743 867 non
768 832 862 867 effici
887 843 935 867 ex
959 834 1170 880 propositis,
1203 842 1270 868 nec
1295 842 1378 868 esse
1400 841 1638 878 consequens3
1663 834 1718 876 at,
1741 834 1781 866 ut
1804 842 1888 879 per-

253 888 352 924 multi
383 888 455 923 loci
491 888 624 924 indicio
657 893 756 934 sunt,
798 891 936 926 omnino
960 892 1038 926 voti
1062 891 1252 938 sponsione
1275 889 1540 937 obligabantur,
1580 892 1620 924 ut
1652 901 1822 936 nunquam
1852 890 1889 925 in

255 947 509 982 matrimonium
532 947 634 982 irent.
682 948 807 995 Itaque
830 949 923 996 patri
949 950 1118 993 monenti,
1142 952 1181 984 ut
1193 948 1305 995 Argis
1329 951 1516 992 caverent,
1540 945 1586 982 ne
1610 948 1737 983 amoris
1761 946 1889 983 illece-

255 1004 329 1041 bris
385 1005 546 1040 irretitae
593 1006 868 1051 committerent,
920 1017 989 1053 quo
1035 1005 1230 1042 nominibus
1276 1005 1497 1054 turpitudinis
1535 1008 1653 1041 notam
1688 1006 1887 1049 inurerent,

257 1074 314 1098 vv.
331 1061 512 1098 994—95
538 1063 814 1110 responderunt,
848 1073 905 1108 se,
938 1064 1005 1098 nisi
1030 1063 1097 1099 diis
1119 1063 1225 1099 aliter
1248 1063 1423 1111 placeret,
1449 1062 1632 1099 consilium
1650 1064 1766 1107 vitae,
1792 1061 1887 1109 qaod
1918 1077 1920 1079 v

256 1124 363 1156 autea
388 1121 584 1168 cepissent,
615 1131 686 1156 non
711 1131 794 1157 csse
816 1124 1019 1156 mutatui-as.

670 1177 712 1209 Εἶ
733 1176 798 1219 γάρ
818 1189 851 1209 τι
870 1176 915 1219 μή
936 1179 1033 1215 θεοῖς
1052 1175 1278 1218 βεβούλευται
1299 1176 1387 1214 νέον,

653 1226 763 1268 ’Ίχνος
781 1228 820 1261 τὸ
841 1226 992 1271 aeaeae»
1010 1225 1055 1261 οὔ
1075 1225 1253 1274 διαςρέψω
1279 1225 1412 1272 φρενός.

349 1279 407 1317 oh
432 1290 511 1317 eam
535 1290 673 1329 quoque
696 1291 842 1316 cansam
863 1293 919 1317 vv.
936 1279 1118 1317 133—35
1150 1291 1175 1317 a
1198 1280 1267 1316 diis
1288 1284 1459 1328 precatae
1484 1283 1583 1325 sunt,
1619 1284 1658 1316 ut
1681 1290 1724 1316 se
1746 1291 1885 1328 semper

255 1339 413 1386 conjugii
438 1343 609 1387 expertes
633 1349 716 1375 esse
740 1340 899 1375 sinerent

665 1393 809 1438 Σπέρμα
830 1396 956 1436 σεμνᾶς
974 1393 1063 1435 μέγα.
1081 1393 1208 1437 ματρὸς

666 1443 780 1483 Εὔνοὶς
801 1444 956 1487 ἀνδρῶν,
977 1445 1012 1483 ἕ,
1034 1443 1061 1479 ἓν

655 1494 810 1538 ’Ἀγαμον
832 1494 1011 1537 ἀδάματον
1032 1495 1188 1538 ἐκφυγεῖν

256 1553 292 1585 et
315 1560 370 1584 vv.
385 1547 567 1583 145-51
593 1547 783 1584 confessae
806 1552 904 1593 sunt,
937 1558 996 1592 se,
1032 1549 1064 1582 si
1087 1548 1193 1594 huJus
1216 1548 1294 1583 voti
1317 1558 1386 1582 non
1411 1549 1591 1595 compotes
1616 1546 1758 1590 fierent,
1789 1547 1887 1590 mori,

256 1618 356 1658 quam
380 1607 528 1651 vivere,
553 1599 663 1643 malle

664 1662 707 1696 Εἰ
730 1663 768 1696 δὲ
787 1662 853 1705 μή,
879 1663 1048 1703 μελανθὲς

658 1712 883 1747 Ἦλιόκτυπον
902 1711 998 1756 γένος

667 1765 735 1798 Τὸν
755 1764 856 1808 νάϊον

667 1816 736 1849 Τὸν
754 1814 1035 1857 πολυξενώτατον

664 1868 762 1909 Ζῆνα
781 1869 850 1900 τῶν
870 1865 1077 1908 κεκμηκότων

660 1915 841 1959 Ἰξόμεσθα
863 1918 926 1951 σύν
947 1916 1087 1955 κλάδοις

660 1964 840 2012 Ἀρτᾶναις
860 1971 1045 2004 canaam.

306 2095 358 2136 ¹⁸)
384 2097 429 2128 Ne
456 2097 569 2128 mirum
598 2096 755 2134 videatur,
786 2097 815 2128 si
836 2098 1002 2137 Aeschylus
1030 2097 1070 2128 ad
1098 2096 1312 2136 designandam
1339 2097 1430 2128 vitam
1458 2097 1674 2128 sacerdotalem
1709 2095 1896 2126 feminarum-

367 2137 552 2171 ,nominibus
573 2146 647 2169 usus
669 2147 736 2168 esse
752 2138 950 2176 perhibetur,
978 2137 1037 2166 boc
1056 2137 1237 2167 monendum
1254 2142 1312 2167 est:
1340 2137 1504 2168 Hominum
1520 2137 1797 2176 antiquissimorum
1822 2143 1888 2165 mos

381 2181 463 2213 erat,
497 2181 529 2207 ut
549 2187 599 2208 res
628 2178 770 2209 sensibus
800 2187 859 2208 non
892 2176 1045 2218 subjectas
1076 2177 1120 2207 ita
1148 2178 1365 2216 exprimerent,
1402 2182 1436 2208 at
1452 2178 1594 2209 sensibus
1616 2177 1733 2217 percipi
1752 2179 1887 2217 possent.

381 2218 488 2256 ltaque
509 2217 750 2258 conjunctionem
770 2218 961 2259 singulorum
983 2218 1123 2248 ordinum
1144 2218 1193 2248 vel
1212 2218 1343 2249 tribuum
1362 2219 1443 2249 intur
1462 2218 1565 2258 ipses,
1598 2227 1674 2257 quae
1695 2227 1751 2257 per
1771 2225 1892 2248 mna·-

382 2257 561 2295 hisnem,
589 2266 654 2288 cum
675 2258 887 2297 matrimonio,
916 2262 944 2288 et
964 2267 1031 2289 eum
1053 2258 1189 2288 ordinem
1209 2259 1258 2288 vel
1285 2259 1415 2295 tribum,
1444 2267 1518 2298 quae
1539 2268 1667 2298 prorsus
1687 2261 1828 2297 separata
1849 2254 1888 2285 ab

379 2296 449 2329 aliis
471 2306 538 2328 esse
559 2297 692 2335 volebat,
722 2309 789 2330 cum
810 2298 945 2339 virgine,
972 2298 1196 2329 matrimonium
1230 2299 1426 2336 detrectante,
1455 2299 1680 2339 comparabant.
1732 2298 1828 2333 Quam
1849 2294 1888 2325 ⁰1³

382 2348 446 2370 rem
467 2347 528 2370 non
548 2347 617 2369 esse
637 2339 741 2377 video,
776 2348 831 2371 eur
848 2340 881 2371 in
899 2340 1071 2371 Danaidum
1099 2339 1270 2371 nominibus
1300 2340 1502 2377 offendamur,
1538 2344 1567 2370 et
1588 2340 1680 2370 simul
1709 2344 1893 2377 ροηιιιιωιι,
