2118 2591
1090 116 1116 158 8

272 240 370 277 alias
393 242 470 276 sine
494 250 625 275 caussa
648 250 709 276 res
733 251 804 276 non
827 239 1041 287 repetivisse
1064 242 1216 285 scimus,
1249 249 1475 277 commovere
1498 243 1691 288 potuisset,
1715 246 1755 280 ut
1776 245 1812 280 in
1834 246 1914 280 tra-

275 298 409 347 goedia
431 301 557 334 nostra
580 296 619 334 id
642 297 797 343 faceret,
821 298 887 334 nisi
912 296 1088 345 ejusmodi
1112 296 1265 347 aliquid,
1289 297 1385 346 quod
1408 297 1576 345 diximus,
1599 301 1827 348 spectasset?
1865 300 1910 340 Id

275 360 391 391 autem
415 356 448 389 si
471 357 674 401 statuimus,
705 357 784 391 veri
807 354 1016 391 simillimum
1039 359 1114 401 est,
1148 367 1242 400 eum,
1279 355 1374 402 quod
1397 357 1489 391 inter
1512 360 1693 404 utrumque
1714 359 1808 396 hunc
1830 371 1910 407 my-

276 412 371 449 thum
393 414 617 460 interjectum
641 417 738 457 erat,
762 412 905 449 silentio
927 425 999 451 non
1022 414 1269 462 praeteriisse,
1293 415 1499 462 praesertim
1522 425 1624 461 quum
1647 416 1684 451 in
1712 426 1758 453 eo
1782 427 1913 454 caussa

275 481 410 514 rerum,
433 481 525 516 quae
549 475 679 518 postea
701 474 929 516 gererentur,
953 471 1156 518 quaerenda
1179 475 1288 507 esset.
1337 471 1550 518 Quamquam
1572 471 1663 508 haec
1684 474 1721 508 in
1745 475 1910 521 opinione

276 531 356 564 sunt
379 528 517 576 posita,
552 530 669 564 tamen
691 528 728 563 in
750 526 982 577 Supplicibu·
1004 529 1091 576 ipsis
1115 527 1285 564 nonnulla
1308 530 1549 577 reperiuntur,
1586 540 1634 566 ex
1657 529 1781 578 quibus
1804 530 1910 568 colli-

274 596 359 632 gas,
383 596 457 621 rem
480 587 531 621 ita
553 586 685 631 fuisse;
709 588 859 623 maxime
883 597 972 623 vero
995 586 1225 633 colloquium,
1250 585 1345 633 quod
1357 587 1536 634 Pelasgus
1559 598 1627 624 rex
1650 587 1909 633 maus—22,

274 646 314 678 ut
338 642 548 691 exploraret
565 643 683 679 Danai
708 643 818 688 filias,
842 654 921 678 num
945 653 1069 679 verum
1090 643 1265 679 dixissent
1274 657 1294 688 ,·
1310 653 1388 678 cum
1409 645 1454 679 iis
1477 643 1524 681 de
1547 645 1700 693 ipsarum
1722 645 1910 682 maioribus

275 702 405 746 seruit,
431 701 564 738 indicio
589 712 671 738 esse
695 705 791 749 puto.
854 701 952 736 Tota
976 702 1066 737 enim
1089 702 1280 750 progenies
1303 701 1375 737 Jus
1399 705 1638 747 enumeratur,
1669 704 1817 751 ejusque
1840 707 1911 739 tam

276 770 411 806 gnarus
436 763 492 794 est
504 759 739 806 Pelasgorum
764 769 851 801 rex,
877 762 934 803 ut,
958 757 1053 795 unde
1077 761 1111 795 ei
1135 759 1225 794 haec
1248 760 1374 794 notitia
1395 770 1510 795 rerum
1534 763 1736 796 exterarum
1758 761 1910 806 venerit,

275 821 377 853 recte
400 818 570 853 miremur.
633 815 727 862 Quid
758 815 893 863 igitur?
927 827 1044 853 nonne
1078 816 1171 853 idem
1195 816 1387 853 accidisset
1416 817 1695 865 spectatoribus,
1737 821 1774 854 et
1796 828 1913 854 nonne

275 875 334 911 hic
358 875 461 911 locus
486 876 577 911 omni
601 876 641 911 vi
664 877 808 911 scenica
832 876 1027 920 caruisset,
1060 877 1128 911 nisi
1152 879 1395 923 antegressum
1424 880 1521 912 esset
1547 875 1696 923 aliquid,
1721 875 1816 923 quod
1838 875 1911 910 illis

274 937 374 970 certe
407 932 549 981 planum
581 933 746 978 fecisset,
783 944 904 981 regem
934 932 1026 969 haec
1052 933 1142 970 bene
1167 935 1260 970 scire
1284 933 1471 982 potuisse?
1518 934 1643 981 Itaque
1672 945 1742 969 non
1766 944 1908 978 vereor,

274 1002 320 1027 ne
344 994 477 1028 temere
510 991 641 1027 dictum
671 1002 753 1028 esse
783 991 968 1036 videatur,
1001 993 1032 1027 si
1063 991 1289 1037 contendam,
1330 992 1436 1027 aliam
1468 991 1664 1039 trilogiam,
1703 1002 1780 1036 res,
1819 1001 1910 1039 quae

274 1051 311 1085 in
333 1049 509 1097 Aegypto
539 1053 644 1084 actae
674 1053 814 1094 essent,
852 1049 1162 1097 complectentem,
1202 1049 1284 1085 huic
1311 1053 1455 1085 nostrae
1486 1051 1734 1085 antecessisse.
1779 1049 1911 1096 Neque

276 1107 347 1143 hoc
372 1107 417 1143 ab
441 1106 621 1154 Aeschyli
644 1107 900 1144 consuetudine
928 1107 1079 1143 alienum
1114 1107 1246 1152 fuisse,
1289 1110 1328 1142 ut
1350 1106 1511 1152 fabulas,
1555 1105 1681 1143 eodem
1711 1105 1908 1151 tendentes,

276 1165 368 1201 binis
392 1165 456 1201 vel
481 1167 589 1201 ternis
614 1166 767 1213 trilogiis
792 1169 1079 1213 persequeretur,
1103 1165 1141 1200 id
1166 1166 1254 1200 satis
1277 1165 1500 1212 perspicuum
1519 1165 1604 1208 erit,
1626 1165 1657 1198 si
1672 1162 1910 1199 tantummodo

275 1224 570 1271 cogitaverimus,
595 1223 691 1271 quod
716 1224 796 1270 ejus
819 1226 962 1259 exstent
976 1224 1115 1259 nomina
1129 1221 1403 1271 tragoediarum,
1430 1221 1478 1257 ad
1493 1220 1781 1257 Labdacidarum
1796 1230 1910 1267 genus

274 1282 530 1330 pertinentium.
577 1281 674 1317 Nam
698 1283 762 1317 vix
786 1281 926 1318 dubium
950 1284 1024 1326 est,
1048 1282 1130 1329 quin
1154 1279 1269 1323 Λοίιυς,
1292 1277 1420 1324 Σφίγξ,
1445 1273 1605 1321 omrem,
1631 1277 1761 1315 deinde
1780 1278 1908 1320 Νεμέα,

271 1336 380 1373 ‘Em-02
414 1340 466 1373 ἐπ)
497 1337 634 1382 Θήβας,
661 1341 833 1385 φοίνισσα,
867 1339 1042 1388 deniquae
1064 1338 1249 1381 Ἐλευσίνιοι,
1274 1336 1426 1382 Ἐπίγονοι
1449 1356 1494 1363 -
1519 1338 1638 1382 Agyrina
1661 1334 1794 1382 Σοίτυςοι
1831 1336 1906 1371 sin-

276 1398 385 1446 gulae
409 1399 479 1433 sint
501 1397 647 1434 fabulae
671 1399 773 1434 trium
805 1398 1036 1446 trilogiarum.
1096 1396 1234 1442 Quodsi
1263 1396 1372 1442 igitur
1400 1394 1494 1430 idem
1518 1405 1541 1429 a
1564 1397 1672 1441 poeta
1699 1395 1736 1429 in
1768 1392 1909 1440 mythis,

277 1458 335 1504 qui
359 1455 406 1492 de
429 1456 481 1492 Jo
506 1457 654 1503 ejusque
679 1457 850 1504 progenie
874 1455 1095 1499 ferebantur,
1120 1455 1250 1490 factum
1274 1463 1356 1489 esse
1381 1451 1606 1496 arbitramur,
1642 1451 1751 1487 facile
1775 1449 1909 1486 intelli—

275 1516 408 1561 gimus,
432 1517 633 1561 postremae
657 1513 801 1549 fabulae
827 1513 1072 1549 antecedentis
1097 1512 1262 1559 trilogiae
1287 1510 1356 1546 hoc
1379 1510 1529 1545 maxime
1552 1509 1664 1544 fuisse
1680 1509 1910 1556 propositum,

275 1576 315 1607 ut
340 1571 506 1617 doceret,
532 1570 616 1619 quid
631 1571 793 1620 Aegypti
818 1572 898 1616 filii,
925 1571 1209 1608 consobrinarum
1233 1578 1353 1604 amore
1377 1567 1531 1612 incensi,
1555 1567 1667 1615 primo
1690 1575 1755 1614 per
1771 1574 1909 1614 preces,

277 1629 405 1666 deinde
429 1640 494 1677 per
517 1631 590 1665 vim
615 1633 829 1674 tentassent,
871 1633 910 1664 ut
933 1640 1014 1674 eas,
1055 1628 1262 1665 connubium
1290 1630 1328 1662 et
1351 1637 1418 1661 sua
1446 1628 1574 1673 sponte
1606 1627 1643 1661 et
1675 1625 1787 1672 patris
1806 1624 1913 1670 jussu

276 1688 540 1730 detrectantes,
586 1686 758 1723 haberent
781 1688 817 1722 in
841 1688 1069 1723 matrimonio.
1129 1687 1211 1722 Hoc
1235 1688 1368 1728 sumto,
1409 1694 1511 1729 quum
1540 1681 1595 1717 illi
1627 1683 1756 1730 primas
1788 1684 1910 1729 partes

277 1750 443 1795 agerent,
467 1746 615 1782 Danaus
640 1749 775 1792 autem,
801 1756 849 1782 ex
876 1747 1085 1789 certamine,
1122 1743 1167 1780 ob
1192 1742 1284 1778 filias
1309 1742 1390 1789 ejus
1415 1745 1514 1786 orto,
1551 1739 1698 1776 inferior
1722 1738 1912 1776 discedens

277 1810 315 1841 et
337 1805 473 1842 idcirco
496 1815 545 1840 ex
568 1804 742 1853 Aegypto
774 1804 935 1852 fugiens,
972 1802 1150 1840 secundas
1185 1802 1393 1845 sustineret,
1433 1811 1504 1835 non
1533 1802 1589 1835 est
1618 1797 1844 1847 periculum,
1867 1807 1913 1832 ne

278 1874 398 1908 erres,
420 1864 452 1898 si
468 1864 669 1911 putaveris,
690 1864 750 1899 isti
777 1862 988 1911 tragoediae
1001 1861 1262 1909 Aegyptiorum
1286 1869 1413 1896 nomen
1435 1857 1548 1893 fuisse
1571 1857 1783 1905 inscriptum.
1820 1854 1912 1890 Ete-

278 1924 348 1958 nim
371 1923 451 1970 ipsa
474 1921 618 1958 fabulae
642 1922 733 1957 ratio
758 1920 935 1968 ejusmodi
959 1924 1033 1965 est,
1065 1923 1104 1955 ut
1127 1919 1219 1955 hanc
1251 1919 1492 1965 conjecturam
1520 1914 1739 1964 probabilem
1770 1911 1911 1950 reddat.

277 1981 495 2027 Quamquam
524 1979 716 2027 Supplices
750 1981 786 2014 in
817 1979 998 2026 principiis
1027 1979 1078 2012 ita
1113 1976 1319 2024 loquuntur,
1355 1978 1394 2011 ut
1425 1977 1664 2022 spectatorum
1697 1973 1831 2009 animos
1865 1968 1912 2004 ad

276 2040 364 2076 novi
388 2037 541 2087 aliquid,
565 2037 661 2086 quod
684 2038 896 2082 immineret,
920 2035 1112 2072 advertere
1135 2034 1297 2071 voluisse
1319 2031 1526 2078 videantur,
1551 2033 1670 2068 tamen
1680 2040 1729 2066 ex
1741 2029 1798 2073 iis,
1822 2036 1913 2075 quae

279 2096 326 2133 de
348 2096 559 2145 patruelium
590 2096 780 2132 insolentia
808 2096 1015 2142 injuriisque
1038 2096 1245 2141 queruntur,
1286 2093 1441 2140 perspici
1469 2093 1606 2139 potest,
1644 2088 1692 2124 de
1726 2087 1784 2123 his
1814 2087 1913 2134 ipsas

277 2154 389 2191 multa
403 2155 553 2196 silentio
578 2155 796 2204 praeterire,
835 2164 944 2201 quae,
979 2153 1046 2188 nisi
1070 2152 1111 2198 ii,
1143 2152 1201 2200 qui
1223 2150 1391 2196 aderant,
1428 2148 1596 2185 memoria
1617 2147 1686 2182 iam
1709 2144 1913 2188 tenuissent,

278 2214 441 2250 oratione
456 2213 606 2249 fuissent
617 2211 845 2262 explicanda.
892 2211 988 2248 Nam
1011 2213 1051 2246 ut
1074 2222 1177 2247 unum
1200 2208 1306 2257 idque
1322 2207 1436 2245 solum
1452 2210 1611 2254 tangam,
1634 2213 1805 2252 quaerere
1816 2201 1913 2246 licet,

277 2281 450 2319 quaenam
474 2270 605 2307 fuerint
628 2272 798 2319 injuriae,
822 2280 914 2319 quae
936 2269 1100 2318 Aegypti
1123 2267 1207 2304 filiis
1230 2268 1267 2303 in
1289 2266 1435 2304 crimine
1458 2262 1696 2314 ponebantur,
1728 2271 1831 2310 quum
1853 2267 1913 2293 res

276 2332 407 2366 uxoria
426 2341 492 2379 per
515 2340 559 2366 se
582 2340 653 2365 non
675 2329 840 2375 haberet,
878 2339 969 2377 quae
991 2327 1142 2364 sceleris
1165 2326 1251 2363 loco
1274 2325 1396 2375 putari,
1412 2320 1587 2373 possent?
1633 2319 1679 2359 Si
1701 2318 1789 2370 nillil
1815 2313 1914 2351 aliud

276 2387 465 2435 fecissent,
489 2389 558 2425 nisi
570 2387 690 2425 Danai
705 2387 844 2424 filiabus
864 2387 1072 2424 matrimonii
1085 2383 1229 2421 ineundi
1245 2382 1481 2421 conditionem
1495 2378 1679 2422 tulissent,
1704 2374 1796 2413 omni
1807 2372 1916 2422 culpa
