2118 2591
1048 124 1103 167 {6

254 249 454 294 traherent,
491 252 640 284 naturae
672 247 796 296 legem
830 247 1002 284 violasse.
1072 249 1258 286 Homines>
1279 249 1370 286 enim
1401 249 1454 285 ita
1484 259 1568 287 esse
1598 253 1808 298 generatos,
1847 254 1887 287 ut

255 318 367 355 agros
389 305 546 342 colendo
569 309 773 353 certumque
796 305 926 341 alicubi
950 305 1162 343 domicilium
1185 305 1398 343 collocando
1421 308 1634 355 reperirent,
1658 307 1812 356 quo-id,
1836 307 1886 343 ad

255 364 351 413 quod
383 365 457 400 nati
488 363 644 412 factique
675 365 812 408 essent,
858 361 940 399 dum
968 364 1153 410 viverent,
1188 367 1427 413 praestarent3
1463 364 1509 402 ob
1540 363 1687 402 eandem
1722 375 1885 403 causum

255 423 418 460 omnibus
453 424 551 459 vitae
590 422 815 465 societatem,
855 432 925 467 qua
961 421 1112 458 humana
1146 421 1245 457 salus
1277 423 1534 467 contineretur,
1572 433 1655 459 esse
1678 418 1885 460 ¹ineundam.

255 480 413 518 Feminis
437 490 577 527 quoque
600 479 817 527 propositum
840 489 943 523 esse,
966 484 1023 524 ut,
1048 482 1210 527 quantum
1226 483 1393 527 possent,
1415 479 1464 517 ad
1485 480 1577 517 hauc
1605 479 1777 519 hominum
1791 482 1884 518 inter

255 540 354 587 ipsos
378 539 661 585 conjunctionem
677 537 959 574 conservandam
972 548 1114 586 operam
1132 549 1231 572 suam
1245 537 1457 585 conferrent,
1481 538 1663 587 atquehoc
1673 537 1764 575 bene
1777 538 1886 577 intol-

255 596 394 632 lexisse
406 596 587 640 Graecos,
610 605 714 642 quum
738 605 788 630 ex
801 597 942 642 antiquo
966 606 1063 631 more
1087 592 1182 642 apud
1203 604 1268 631 eos
1289 597 1515 633 constitutum
1531 596 1685 642 fuisset,r
1698 599 1739 632 ut
1752 599 1885 632 manes

258 665 337 691 cum
360 653 501 689 filiabus
525 651 575 689 ad
600 652 830 689 domesticum
852 664 951 688 usum
974 663 1099 700 aquam
1122 651 1311 688 haurirent.
1358 652 1448 690 Inde
1475 665 1614 702 quoque
1635 653 1766 691 factunm
1789 662 1884 699 em,

254 715 294 747 ut
325 712 418 747 haec
450 722 541 759 gens
572 711 903 758 Hypermnestram‚
942 709 987 745 ab
1025 712 1104 758 ipso
1137 714 1239 758 patre
1269 714 1491 756 accusatam,
1527 711 1622 760 quod
1645 722 1765 748 amore
1786 713 1886 749 victa

254 773 497 818 paternaeque
530 768 726 805 voluntatis
756 768 931 803 immemor
954 769 1076 816 sponsi
1102 769 1200 804 vitae
1223 769 1461 816 pepercisset,
1502 778 1552 805 ex
1573 768 1682 817 culpa
1703 770 1884 814 eximeret,

253 827 427 874 simulque
451 826 619 872 fingeret,
643 828 784 861 ceteras
807 826 924 861 Danai
948 825 1041 861 filias
1065 829 1210 874 propter
1232 825 1380 862 caedem
1395 824 1531 862 nefarie
1553 826 1684 862 factam
1707 826 1803 874 apud
1825 827 1882 861 in-

252 885 353 921 feros
377 884 443 919 has
475 884 577 919 luere
601 893 756 931 poenas,
793 886 832 918 ut
863 895 987 931 aquam
1014 888 1075 919 aut
1110 882 1235 929 doliis,
1269 882 1379 920 fundo
1408 884 1629 928 carentibus,
1664 887 1727 919 aut
1757 883 1881 920 cribris

252 941 495 986 infunderent,
522 952 593 988 quo
615 940 894 987 significaretur,
925 941 1109 987 mulieres,
1142 952 1250 989 quae,
1274 940 1482 978 detrectatis
1505 942 1703 989 conjugiis,
1741 942 1883 989 generis

253 1000 395 1037 humani
417 998 615 1036 commodis
640 998 826 1044 deessent,
859 1010 969 1047 agere
993 1001 1103 1036 vitam
1125 999 1232 1048 plane
1253 999 1409 1036 inutilem
1431 1010 1477 1036 ac
1498 1001 1670 1036 miseram.
1720 999 1825 1045 Quod
1848 1001 1887 1036 ut

252 1060 367 1106 magis
390 1059 672 1107 perspiceretur,
716 1058 903 1103 nemiuem,
927 1059 994 1093 nisi
1019 1059 1075 1105 qui
1101 1057 1226 1096 Cereri
1250 1061 1306 1104 et,
1341 1069 1431 1106 quae
1455 1058 1500 1096 ab
1524 1069 1570 1095 ea
1591 1057 1754 1107 profecta
1777 1061 1884 1103 esset,

253 1116 430 1153 hominum
451 1117 618 1152 societati
642 1117 753 1151 vitam
776 1127 875 1153 suam
899 1115 1116 1160 addixisset,
1153 1119 1298 1163 propter
1321 1115 1416 1163 quod
1439 1117 1475 1152 in
1499 1115 1614 1152 lucem
1637 1115 1755 1152 editus
1777 1119 1886 1160 esset,

254 1174 294 1210 id
317 1173 466 1221 adsequi
491 1171 620 1221 posse,
644 1172 743 1208 illam
766 1172 869 1209 deam
891 1173 1002 1221 Argis
1025 1177 1169 1222 praeter
1192 1177 1333 1210 ceteras
1357 1173 1430 1209 coli
1453 1183 1536 1210 esse
1559 1175 1736 1221 coeptam,
1761 1172 1883 1208 simul-

251 1242 322 1279 que
344 1233 381 1268 in
404 1231 573 1267 honorem
598 1231 680 1278 ejus
705 1231 988 1279 Thesmophoria
1009 1232 1187 1277 instituta,
1218 1232 1361 1280 quibus,
1385 1243 1488 1280 quum
1510 1230 1709 1267 Danaidum
1732 1230 1883 1267 facinori

252 1291 418 1339 opposita
441 1289 610 1334 fuissent,
635 1299 757 1325 omnes
779 1288 1068 1335 admonerentur,
1092 1289 1249 1327 homines
1273 1301 1356 1327 esse
1380 1293 1498 1335 ortos,
1521 1292 1561 1326 ut
1578 1290 1701 1325 intenti
1718 1288 1766 1325 ad
1783 1289 1883 1337 agri-

253 1348 428 1386 culturam
459 1352 496 1384 et
527 1347 709 1384 connubiis
730 1348 847 1395 juncti
883 1349 982 1385 vitae
1006 1352 1044 1384 et
1068 1348 1285 1385 domesticae
1310 1352 1347 1385 et
1382 1350 1501 1385 civilis
1532 1347 1680 1393 officiis,
1721 1347 1767 1384 ab
1791 1347 1884 1383 alma

254 1407 325 1443 dea
347 1408 503 1455 ipsorum
527 1407 652 1453 cuique
676 1407 864 1452 injunctis,
887 1405 1150 1442 satisfacerent.
1197 1406 1327 1454 Neque
1346 1410 1461 1442 tamen
1481 1416 1530 1441 ex
1549 1404 1885 1453 mythographorum

253 1466 430 1500 sententia
450 1464 574 1499 horum
597 1474 779 1499 sacrorum
803 1464 976 1512 principia
998 1465 1034 1499 in
1059 1463 1231 1509 Graecia,
1256 1463 1321 1500 sed
1344 1465 1379 1499 in
1392 1464 1582 1511 Aegypto,
1610 1465 1771 1511 quoniam
1794 1463 1885 1498 haec

256 1527 372 1568 terra,
397 1521 639 1570 agriculturae
663 1521 780 1568 gloria
804 1523 955 1557 maxime
976 1521 1124 1567 florens,
1149 1523 1216 1557 iam
1241 1523 1487 1570 antiquissimis
1511 1521 1724 1570 temporibus
1742 1520 1887 1558 Cereris

253 1580 366 1616 cultui
391 1579 518 1616 dedita
538 1579 682 1624 fuisset,
716 1591 799 1615 esse
823 1579 1033 1627 quaerenda.

345 1638 450 1674 Haec
473 1637 569 1682 fere,
611 1647 702 1684 quae
735 1638 794 1672 vir
832 1636 928 1673 doct.
954 1637 1001 1674 de
1025 1637 1244 1674 Danaidibus
1269 1638 1453 1681 disseruit,
1490 1636 1538 1672 ad
1562 1647 1662 1682 eam,
1694 1648 1796 1684 quam
1818 1647 1887 1672 nos
1952 1671 1955 1673 .

253 1695 465 1732 adornamus
490 1699 526 1732 et
549 1695 768 1739 instruimus,
810 1696 1048 1743 quaestionem
1071 1698 1264 1745 pertinent,
1304 1706 1371 1732 nec
1405 1694 1528 1731 facere
1559 1706 1764 1743 possumus,
1804 1695 1886 1742 quin

253 1753 446 1799 fateamur,
464 1755 680 1789 sententiam
704 1754 785 1799 ejus
811 1764 892 1789 esse
916 1758 987 1790 tam
1011 1759 1150 1790 acutam
1174 1759 1312 1801 tamque
1336 1755 1388 1789 rei
1413 1755 1556 1790 veritati
1580 1755 1823 1801 propinquam,
1847 1755 1887 1788 ut

255 1823 325 1848 non
350 1811 606 1857 dubitaremus,
631 1812 667 1846 iu
691 1822 770 1847 eam
794 1810 1001 1857 discedere,
1032 1814 1063 1848 si
1086 1814 1122 1848 in
1145 1811 1333 1861 tragoedia
1355 1816 1479 1848 nostra
1501 1823 1592 1847 unus
1615 1811 1757 1848 alterve
1780 1811 1884 1847 locus

254 1871 488 1914 inveniretur,
513 1871 571 1917 qui
595 1869 742 1906 Cereris
766 1870 897 1906 cultum
922 1875 959 1907 et
974 1870 1255 1920 Thesmophoria
1278 1870 1341 1908 vel
1365 1873 1498 1906 remote
1521 1874 1669 1917 tangere
1692 1869 1885 1906 videretur.

255 1926 323 1963 Sic
347 1928 436 1962 enim
462 1929 646 1973 sentimus,
671 1932 834 1975 poetam,
860 1930 891 1964 si
914 1929 969 1973 id,
993 1928 1088 1977 quod
1111 1930 1169 1965 vir
1190 1928 1285 1965 doct.
1299 1929 1454 1973 censuit,
1478 1929 1685 1976 cogitasset,
1709 1928 1746 1963 in
1762 1925 1884 1963 fabula

255 1984 494 2022 describenda
517 1997 588 2021 non
611 1987 816 2022 omissurum
840 1986 969 2031 fuisse,
993 1986 1077 2022 illas
1100 1990 1198 2022 certe
1219 1986 1325 2031 deas,
1350 1996 1441 2034 quae
1457 1985 1697 2034 agriculturae
1716 1995 1885 2034 praeesse

252 2042 486 2092 putabantur,
510 2042 699 2088 inducere,
725 2048 761 2079 et
786 2044 925 2081 omnino
951 2044 1126 2091 ejusmodi
1145 2055 1215 2090 res,
1240 2055 1288 2081 ex
1302 2043 1427 2093 quibus
1445 2047 1743 2092 cognosceretur,
1764 2053 1884 2090 quem-

254 2101 441 2138 admodum
464 2101 623 2138 homines
648 2113 671 2137 a
693 2102 772 2138 vita
795 2101 874 2138 fera
898 2106 936 2139 et
959 2104 1093 2151 agresti
1117 2101 1165 2138 ad
1188 2102 1319 2140 cultum
1348 2102 1531 2139 humanum
1561 2101 1773 2149 civilemque
1799 2111 1884 2149 per-

255 2157 485 2206 ducerentur,
511 2161 666 2210 poemati
689 2160 866 2206 inserere,
889 2165 929 2197 ut
952 2164 1174 2211 spectatores
1199 2161 1262 2198 vel
1285 2161 1461 2206 lectores,
1486 2173 1555 2210 quo
1580 2161 1714 2197 animos
1736 2160 1885 2196 maxime

254 2217 497 2264 intenderent,
533 2219 702 2256 abinitio
728 2218 917 2256 discerent.
981 2221 1064 2257 Hoc
1088 2231 1134 2257 eo
1158 2222 1271 2268 magis
1294 2220 1417 2258 facere
1441 2219 1614 2265 debebat,
1650 2218 1745 2267 quod
1774 2219 1886 2268 prima

254 2287 416 2324 quaeque
440 2276 606 2325 trilogiae
628 2289 714 2327 pars
736 2282 795 2314 est
818 2279 920 2326 quasi
943 2277 1219 2324 fundamentum,
1255 2290 1324 2327 quo
1354 2283 1500 2316 ceterae
1534 2276 1746 2327 tragoediae
1768 2278 1885 2313 nitun-

253 2338 331 2380 tur,
349 2345 423 2372 vnec
445 2336 540 2372 satis
561 2340 636 2381 est,
670 2338 851 2373 materiam
875 2338 1024 2385 congeri
1047 2341 1084 2374 et
1106 2336 1282 2382 homines,
1306 2338 1365 2385 qui
1384 2336 1496 2374 rebus
1517 2335 1685 2384 gerendis
1713 2333 1885 2378 inter-int,

255 2393 451 2429 nominibus
482 2394 617 2438 notari,
653 2393 720 2429 sed
741 2396 948 2431 necessario
972 2395 1182 2444 requiritur,
1216 2397 1255 2430 ut
1277 2394 1512 2442 significetur,
1553 2404 1624 2439 quo
1645 2392 1704 2438 id,
1738 2392 1884 2440 propter
