2118 2591
898 34 953 76 29

117 165 271 200 mnestra
294 159 537 198 continebatur
559 158 665 194 tertia
687 158 767 195 sive
790 162 969 207 postrema
992 157 1133 203 fabula,
1168 156 1273 204 eujus
1296 156 1458 205 singulae
1482 156 1598 193 adhuc
1621 159 1743 205 partes

118 223 272 258 exstant.
862 237 865 239 ·

211 276 397 324 Reliquum
416 279 482 321 ent,
506 278 546 311 ut
559 275 771 322 argumentis
785 273 1002 322 quibusdam,
1019 284 1096 310 cum
1107 272 1152 310 ab
1164 271 1326 319 historia,
1351 276 1422 308 tum
1440 275 1572 310 avitae
1587 283 1741 310 consue-

115 334 238 372 tudine
268 338 373 382 atque
404 335 546 381 ingenio
586 333 694 371 totius
717 342 872 379 graecae
895 333 1048 367 nationis
1072 333 1211 380 petitis,
1234 330 1477 380 comprobem,
1509 341 1603 376 eam,
1640 343 1742 379 quan

118 394 380 443 proposuerim,
423 391 533 440 mythi
557 389 761 438 explicandi
792 391 963 426 rationem
986 401 1009 424 a
1032 393 1146 426 mente
1175 394 1306 439 poetae
1334 400 1406 425 non
1437 388 1586 425 alienam
1621 388 1741 425 fuisse.

117 451 383 498 Antiquissimis
404 449 584 485 literarum
607 459 814 495 graecarum
836 448 1064 485 monumentis
1088 446 1287 493 edocemur,
1311 448 1423 496 prima
1446 448 1546 483 vitae
1569 446 1743 482 sacerdo-

117 506 203 545 talis
235 508 409 545 elementa
439 506 503 543 vel
535 516 584 542 ex
606 505 733 542 Africa
755 505 819 542 vel
845 517 894 542 ex
916 505 1009 541 Asia
1031 505 1067 539 in
1091 504 1297 550 Thraciam,
1329 509 1366 541 et
1388 504 1472 540 inde
1494 504 1744 553 iniGraeciam

118 567 201 604 esse
231 565 397 603 traducta
420 566 492 610 ²⁸).
547 563 626 602 Sed
646 576 747 612 quum
776 575 910 612 graeca
940 573 1044 611 gens*
1060 564 1190 611 magis,
1230 575 1330 610 quam
1360 563 1448 609 alia,
1481 564 1549 599 iam
1573 561 1618 599 ab
1642 563 1741 599 initio

116 625 167 662 ad
186 635 245 661 res
261 622 410 661 bellicas
433 626 470 660 et
494 621 541 659 ad
564 623 674 660 vitam
696 622 838 660 civilem
860 633 902 659 se
925 621 1129 667 inclinaret,
1153 620 1219 657 illa
1241 620 1347 657 latius
1371 632 1533 670 emanare
1552 632 1622 657 non
1634 624 1742 670 pote-

116 687 190 727 rat,
223 686 260 719 et
290 684 394 731 pauci
426 685 575 726 tantum,
604 683 663 729 qui
685 693 762 718 eam
794 680 1113 729 amplectebantur,
1147 683 1186 716 ut
1216 684 1422 725 servarent,
1458 680 1553 726 quod
1576 679 1740 716 traditum

120 742 209 785 erat,
233 743 392 776 secretas
417 739 559 776 coibant
582 740 785 775 societates.
816 739 899 776 'Sic
923 739 1066 786 primum
1078 737 1190 785 Orgia
1214 741 1251 773 et
1276 737 1405 774 deinde
1427 737 1612 772 Eleusinia
1635 747 1740 773 sacra

120 802 201 834 orta
224 808 323 843 esse,
353 799 432 835 veri
465 797 674 834 simillimum
705 797 858 834 videtur.
913 797 1014 841 Quae
1045 797 1263 845 posteriora,
1294 807 1396 843 quum
1427 798 1532 831 extra
1563 789 1740 840 terminos,

103 854 246 902 *quibus
275 855 312 889 in
341 854 926 903 principio-circumscribebantur‚
961 865 1033 890 non
1056 853 1326 901 egrederentur,
1356 857 1393 889 et
1416 865 1439 888 a
1459 853 1566 891 rebus
1589 852 1740 905 puhlicis

103 916 252 948 ‚remota
275 914 413 957 essent,
445 911 612 948 invidiam
643 923 714 948 non
743 911 927 948 subeuntia
957 911 1061 959 plura
1091 921 1155 959 per
1187 911 1334 946 saecula
1356 910 1401 946 ab
1425 912 1485 955 iis,
1518 912 1577 958 qui
1599 910 1741 946 illorum

118 971 296 1018 mysteriis
328 970 452 1005 initiati
484 973 602 1014 erant,
643 970 751 1005 tacite
783 969 1064 1005 celebrabantur.
1123 969 1361 1015 Posteaquam
1380 972 1495 1004 autem
1519 968 1650 1004 Graeci
1672 968 1739 1004 illo

120 1032 297 1076 tempore,
333 1040 401 1076 quo
433 1033 466 1064 a‘
487 1028 611 1064 Persis
641 1018 746 1065 bello*
766 1027 992 1077 petebantur,
1037 1027 1150 1063 Asiae
1179 1029 1341 1064 nationes
1373 1027 1485 1074 magis
1509 1037 1742 1074 cognoscere,

118 1089 155 1121 et
179 1078 231 1122 de*
250 1096 368 1122 earum
391 1086 561 1131 moribus,
591 1085 803 1133 disciplinis,
833 1087 1000 1122 institutis
1024 1096 1068 1121 ac
1099 1089 1176 1121 tota
1206 1087 1283 1121 vita
1313 1088 1350 1121 et
1373 1084 1515 1132 publica
1539 1089 1576 1121 et
1598 1086 1741 1133 privata

119 1144 294 1180 sciscitari
327 1147 535 1193 coeperunt,
566 1145 708 1192 saepius
739 1145 783 1180 iis
814 1145 959 1181 occasio
989 1147 1046 1180 est
1077 1142 1180 1189 data,
1211 1147 1268 1190 ut,
1302 1153 1392 1192 quae
1426 1143 1514 1191 ipsis
1549 1153 1626 1189 cum
1665 1142 1740 1179 illis

118 1203 312 1237 communia
335 1205 470 1246 essent,
504 1206 541 1237 et
577 1202 699 1248 quibus
735 1202 840 1238 rebus
864 1202 908 1238 ab
931 1202 1004 1237 illis
1030 1201 1227 1246 differrent,
1251 1213 1371 1237 secum
1394 1205 1608 1248 reputarent.
1656 1201 1740 1237 Huc

118 1259 291 1304 accessit,
323 1262 361 1294 ut
385 1262 457 1294 tum
480 1260 645 1304 maxime,
672 1260 762 1306 jugo
786 1259 926 1305 servili,
957 1258 1051 1307 quod
1074 1258 1216 1294 finitima
1239 1259 1331 1294 Asia
1353 1259 1397 1293 iis
1421 1259 1626 1306 impositura
1649 1261 1738 1303 erat,

106 1320 228 1359 ‘exuto
253 1320 291 1352 et
319 1318 452 1353 virtute
476 1328 541 1351 sua
564 1319 769 1364 perspectas,
793 1321 906 1353 mente
931 1316 1079 1364 quadam
1102 1316 1218 1353 altiori
1242 1318 1378 1354 incitati
1402 1316 1449 1353 de
1472 1317 1608 1352 cunctis
1631 1315 1739 1352 rebus

115 1375 167 1409 ita
190 1374 321 1410 sentire
343 1375 555 1422 inciperent,
580 1378 618 1409 ut
641 1373 746 1419 nihil,
769 1375 836 1409 nisi
859 1374 952 1422 quod
976 1372 1020 1410 ab
1051 1375 1138 1423 ipsis
1170 1374 1364 1423 profectum
1394 1377 1492 1419 erat,
1536 1373 1739 1422 probarent.

107 1429 277 1480 ,Inprimis
300 1442 389 1468 vero
413 1432 631 1480 Aeschylus,
656 1424 719 1479 qui¹
737 1432 805 1468 hac
830 1444 917 1469 suae
940 1434 1056 1480 gentis
1080 1432 1207 1480 gloria,
1230 1434 1261 1468 si
1285 1434 1361 1480 quis
1391 1432 1502 1476 alius,
1524 1431 1739 1477 laetabatur,

114 1490 152 1524 in
182 1491 353 1537 poematis
385 1491 457 1525 suis
489 1501 559 1525 non
593 1491 723 1535 omisit,
764 1484 841 1525 e'am
871 1501 1004 1538 augere
1028 1493 1066 1526 et
1089 1501 1234 1536 ornare,
1267 1494 1303 1526 et
1325 1490 1406 1525 hinc
1430 1490 1562 1526 facum
1585 1494 1659 1535 est,
1689 1493 1738 1534 ut,

121 1549 347 1583 contentione
370 1547 570 1594 religionis,
600 1549 657 1583 cui
681 1547 814 1584 addicti
838 1552 939 1585 erant
961 1549 1135 1594 homines,
1160 1550 1304 1585 orientis
1328 1551 1441 1583 terras
1463 1547 1677 1592 incolentes,
1702 1551 1739 1582 et

116 1614 272 1651 graecae
295 1604 403 1650 facta,
428 1617 529 1652 quum
552 1604 715 1650 vidisset,
741 1616 828 1653 quos
852 1616 993 1642 errores
1014 1605 1097 1650 illa,
1131 1617 1221 1653 quae
1245 1609 1342 1641 esset
1364 1606 1399 1640 in
1423 1604 1520 1640 cultu
1545 1615 1589 1639 ac
1610 1614 1738 1641 caere-

103 1663 235 1697 *monia
257 1665 421 1707 naturae,
454 1663 560 1698 nullis
585 1663 724 1710 legibus
756 1663 965 1709 adstrictae,
999 1675 1048 1700 ex
1080 1675 1121 1700 se
1145 1665 1293 1711 gignere
1324 1666 1466 1710 posset,
1499 1661 1654 1698 fabulam
1691 1662 1738 1698 de

112 1718 211 1755 Ionis
253 1722 425 1767 progenie
458 1719 505 1755 ad
534 1731 675 1756 scenam
708 1725 951 1769 componeret,
990 1732 1039 1757 ex
1071 1733 1139 1768 qua
1172 1720 1362 1769 populares
1386 1719 1627 1768 intelligerent
1649 1720 1738 1757 reli-

117 1777 232 1824 gionis
257 1788 344 1812 suae
367 1779 634 1825 praestantiam,
661 1790 730 1825 qua
752 1778 852 1814 nulla
873 1779 946 1814 alia
970 1781 1085 1827 aptior
1108 1782 1205 1815 esset
1228 1778 1275 1814 ad
1299 1779 1398 1815 vitae
1422 1778 1595 1814 humanae
1624 1780 1738 1815 ratio-

109 1845 181 1870 ·nes
201 1835 465 1871 constituendas
489 1847 533 1871 ac
557 1835 812 1884 temperandas.
862 1837 912 1872 Et
935 1836 1097 1884 profecto
1121 1835 1217 1871 haud
1240 1837 1396 1887 ignorari
1419 1840 1550 1884 potest,
1575 1837 1740 1874 Graecos

116 1893 152 1927 in
183 1903 228 1928 eo
252 1902 383 1946 genere
415 1893 593 1941 plerisque
624 1895 836 1941 antiquitatis
867 1894 1007 1942 populis
1032 1895 1232 1941 superiores
1263 1894 1385 1931 fuisse.
1453 1895 1550 1931 Nam
1582 1897 1651 1932 etsi
1681 1897 1736 1939 iis,

165 2053 214 2095 ²⁸)
235 2056 302 2086 Hoc
329 2030 518 2085 suanm-{ur
548 2053 718 2100 testimonio
731 2053 922 2101 llermanni,
950 2054 1011 2085 viri
1031 2055 1210 2086 eruditionis
1231 2055 1319 2087 laude
1340 2055 1607 2095 praestantissimi,
1629 2055 1681 2095 qui
1705 2057 1738 2087 in

236 2095 331 2126 libro:
363 2094 520 2143 Lehrbuch
543 2094 598 2124 der
626 2093 832 2142 griechischen
860 2096 1227 2144 Staatsulterthiimer-ete.
1241 2096 1445 2144 ‚H‘fiqsslbffl'ssj
1472 2097 1569 2134 1836,
1606 2100 1636 2127 et
1657 2098 1736 2145 vitae

232 2134 826 2250 ζξζῖἑῖἲὲιὲἔθῗιῗῖἕζὲῗοὲἱέὲὲξῗ
846 2140 1273 2216 ’ἑὲἔξὲ“ι“>ῗέῗοῗῑζῖἱ“ιέἑῖηἴέ
1292 2138 1736 2216 ἵζᾏῗὲᾬῒῗῗῖἒῖῃέἷῖἧῗέ

231 2214 263 2245 in
299 2215 313 2266 'r
340 2225 394 2248 aco
403 2226 444 2265 .1‘·
455 2216 498 2265 2³4
518 2215 633 2266 Α.,Ἰιίο
654 2219 711 2245 est:
736 2214 855 2264 13on
897 2214 1224 2268 dp-uagadea'yuaw
1242 2216 1312 2253 τῶκ
1329 2214 1407 2267 τ’ότρ
1426 2212 1607 2269 π9ρ’νδμῖν
1623 2214 1733 2268 ὅηαζν

230 2226 1303 2341 {3333332505532’523255’aasz“fa‘ssqfftzvaezssffzffiff‘aff
1325 2268 1396 2291 “⁷²⁰
1417 2269 1487 2290 “¹²⁹
1506 2258 1618 2290 ‘'²²⁰''
1632 2268 1735 2300 '‘⁰⁹“
