2118 2591
1112 62 1138 102 2

307 207 348 232 se
359 196 501 241 juncta,
534 190 662 239 opibus
670 189 760 238 ‘plus
780 179 939 231 valeret,
962 188 1129 221 recusent
1153 181 1264 221 σθένος
1288 183 1343 226 μὲν
1367 179 1449 215 ozia-w
1472 180 1571 228 μεῖζον
1595 178 1718 229 dugaw
1741 181 1877 231 βροτοῖς,
1902 186 1939 217 et

306 253 456 290 maxime
474 249 710 298 cognoscitur
734 258 783 283 ex
806 248 868 290 iis,
900 254 967 291 que
991 255 1046 279 vv.
1058 241 1246 278 382--84
1269 239 1372 276 dicit:
1443 267 1446 271 .

717 315 762 347 Εἴ
779 325 832 346 τοι
853 313 1016 354 κρατοῦσι
1037 312 1161 349 παῖδες
1181 309 1357 351 Αἰγύπτου
1380 307 1493 345 σέθεν,

715 365 818 407 Νόμῳ
846 362 979 401 πόλεως
1008 362 1195 406 φάσκοντες
1222 359 1387 403 ἐγγύτατα
1417 358 1534 402 γένους

715 420 815 449 Εἶναι
823 438 833 453 ,
853 415 905 453 τίς
926 410 971 448 ἂν
989 411 1094 452 τοῖςδ’
1114 411 1326 454 ἀντιωθῆναι
1348 410 1461 455 θέλοις

307 484 450 529 Itaque,
492 482 559 516 nisi
593 482 750 527 poetam,
787 476 883 524 quod
914 477 1022 523 inepti
1054 475 1186 521 aliquid
1226 475 1374 518 dixerit,
1410 483 1600 517 accusare,
1637 472 1701 508 vel
1733 484 1810 510 eum
1842 476 1941 511 certe

310 539 551 587 negligentiae
583 536 725 572 crimine
762 544 914 582 arguere
938 533 1118 578 volumus,
1156 535 1314 568 statuere
1338 530 1594 579 quodammodo
1626 532 1803 579 cogimur,
1838 533 1943 569 aliam

310 598 482 639 fabulam,
506 598 652 630 nostrae
675 593 849 628 finitimam
874 603 918 627 ac
943 592 1185 639 propinquam,
1210 600 1258 625 ex
1275 601 1344 637 qua
1360 589 1425 625 illa
1445 588 1629 637 depromta
1643 591 1730 633 sint,
1754 591 1835 626 huic
1857 602 1943 639 pro-

310 658 403 693 xime
439 653 692 688 antecessisse.
755 651 874 697 Atque
899 648 989 686 haec
1021 660 1152 685 caussa
1186 659 1267 685 esse
1298 647 1460 692 videtur,
1496 658 1559 684 cur
1583 647 1678 684 Guil.
1703 648 1943 698 Schlegelius‚

308 714 415 749 homo
439 714 477 747 et
500 711 549 745 ad
572 708 798 755 cogitandum
821 709 1043 742 acutissimus
1067 712 1105 742 et
1128 707 1248 742 talium
1279 716 1395 742 rerum
1416 707 1664 754 peritissimus,
1704 709 1833 755 primus
1864 708 1943 745 Ae-

310 770 476 818 gyptios,
502 777 646 815 quorum
668 776 794 802 nomen
818 767 993 813 reperitur
1016 767 1052 801 in
1076 763 1357 813 tragoediarum,
1382 763 1427 800 ab
1451 763 1620 812 Aeobylo
1639 767 1863 814 scriptarum,
1887 771 1943 806 in—

313 829 406 873 dice,
431 828 622 875 principem
636 824 801 871 trilogiae
812 825 929 860 locum
945 826 1102 861 tenuisse
1117 825 1374 860 existimaverit
1389 825 1438 867 ²).
1463 823 1575 866 Quam
1590 827 1798 862 sententiam
1816 833 1945 876 postea

312 885 556 928 Welckerus,
581 884 639 919 vir
657 883 862 931 optimarum
876 884 1001 918 artium
1027 881 1223 931 disciplinis
1241 883 1388 930 egregie
1406 882 1613 928 insti-tionis,
1638 887 1781 932 praeter
1799 885 1893 923 alios
1906 888 1945 932 ³)

317 944 503 993 amplexus
529 946 567 978 et
589 944 640 977 ita
662 943 768 977 tuitus
793 946 865 986 est,
896 946 936 977 ut
958 941 1133 988 trilogiam
1158 946 1313 977 nostram
1336 952 1385 978 ex
1408 941 1618 988 Aegyptiis,
1658 938 1886 990 supplicibus
1910 949 1947 979 et

313 1001 535 1038 Danaidibus
560 1000 763 1036 constitisse
786 998 1045 1035 demonstraret
1062 1001 1113 1044 ⁴).
1172 999 1229 1035 Ita
1252 998 1459 1035 haberemus
1483 997 1638 1047 quidem,
1676 998 1723 1034 ad
1747 1000 1842 1048 quod
1874 1001 1947 1038 loci

316 1060 372 1096 illi
396 1059 564 1096 revocari
589 1061 751 1105 possent,
788 1057 853 1094 sed
885 1057 980 1093 aliae
1012 1057 1241 1093 difficultates
1273 1068 1344 1093 non
1374 1058 1527 1093 minores
1558 1058 1752 1102 exsistunt,
1786 1070 1873 1105 quas
1897 1060 1946 1095 V.

315 1119 463 1161 doctus,
485 1120 525 1153 ut
547 1116 744 1163 Gruppius,
769 1115 873 1152 bomo
897 1117 1215 1163 ingeniosissimus,
1238 1117 1274 1150 in
1297 1114 1408 1159 libro,
1433 1125 1534 1163 quem
1557 1114 1741 1151 Ariadnen
1758 1117 1949 1165 inscripsit,

315 1176 531 1224 argumentis
556 1174 844 1210 luculentissimis
869 1174 1007 1218 docuit,
1042 1185 1112 1210 uon
1136 1175 1225 1210 satis
1248 1184 1369 1209 secum
1392 1177 1579 1222 reputasse
1602 1173 1755 1210 videtur.
1809 1175 1950 1211 Etenim

313 1235 484 1281 trilogiae
507 1237 634 1268 natura
655 1233 707 1267 ita
729 1231 817 1275 fert,
851 1236 889 1267 ut
911 1233 947 1267 in
970 1232 1110 1277 fabula,
1147 1243 1239 1280 quae
1261 1234 1354 1268 inter
1377 1233 1520 1281 primam
1544 1236 1581 1268 et
1604 1235 1815 1280 postremam
1837 1234 1949 1268 inter-

313 1293 416 1339 jecta
440 1293 503 1335 sit,
528 1301 597 1326 non
621 1289 736 1325 solum
759 1291 951 1338 praecipua
974 1301 1019 1326 ac
1042 1292 1257 1338 gravissima
1280 1292 1430 1326 actionis
1453 1301 1554 1338 pars,
1580 1291 1616 1325 in
1638 1300 1707 1340 qua
1729 1295 1893 1339 tanquam
1914 1291 1952 1325 in

279 1348 283 1352 '
318 1348 464 1386 cardine
497 1347 634 1396 reliqua
666 1349 781 1384 omnia
810 1352 1014 1394 vertantur,
1052 1349 1292 1393 contineatur,
1329 1347 1395 1385 sed
1428 1349 1532 1384 etiam
1563 1359 1694 1384 summa
1716 1348 1775 1386 vis
1801 1349 1951 1395 tragica,

316 1418 409 1455 quae
434 1406 581 1449 dicitur,
605 1410 792 1442 coarctata
816 1417 860 1441 ac
884 1406 1019 1442 referta
1043 1411 1216 1443 comatur.
1266 1406 1420 1451 Quorum
1434 1407 1522 1443 nihil
1539 1407 1576 1442 in
1590 1405 1837 1455 supplicibus,
1862 1416 1952 1453 quo-

319 1475 468 1512 cumque
492 1465 639 1500 animum
662 1463 885 1510 adtenderis,
918 1466 1089 1501 invenies.
1149 1465 1260 1511 Nam,
1293 1469 1349 1511 ut,
1384 1465 1479 1514 quod
1501 1467 1590 1502 alias
1626 1466 1812 1502 carminum
1846 1463 1952 1510 hujus
2013 1475 2025 1483 ·

319 1525 463 1571 generis
487 1527 544 1559 est
568 1524 763 1571 proprium,
795 1525 1128 1570 praetermittamus,
1153 1536 1230 1561 eam
1254 1526 1362 1560 totius
1386 1524 1530 1560 fabulae
1554 1534 1717 1560 summam
1741 1533 1824 1559 esse
1848 1520 1952 1559 vide-

318 1593 414 1625 mus,
449 1585 490 1616 ut
513 1585 622 1628 poeta
646 1590 809 1618 sermone
840 1580 1024 1618 admodum
1061 1584 1208 1619 remisso
1242 1586 1345 1620 utens
1369 1583 1485 1619 Danai
1520 1582 1668 1619 filiarum
1698 1580 1889 1618 adventum
1918 1581 1955 1615 in

320 1640 510 1676 Graeciam
546 1644 735 1684 memoret,
788 1640 871 1687 quid
915 1641 1083 1688 loquutae
1114 1643 1201 1686 sint,
1256 1645 1419 1690 petentes
1458 1653 1481 1676 a
1519 1651 1609 1690 rege
1639 1640 1875 1687 Aigivorum‚
1915 1641 1955 1673 ut

321 1698 544 1744 cognationis
576 1698 714 1734 ratione
744 1698 884 1743 habita,
919 1700 1017 1747 ipsas
1048 1700 1197 1736 civitate
1219 1704 1384 1748 receptas
1415 1703 1540 1736 contra
1563 1699 1772 1748 patruelium
1807 1696 1956 1744 injurias

323 1754 550 1800 defenderet,
575 1760 750 1803 exponat,
775 1756 906 1792 deinde
930 1757 1013 1803 quid
1034 1762 1195 1794 metuens
1219 1770 1286 1794 rex
1309 1760 1407 1794 initio
1425 1767 1552 1807 preces
1569 1767 1688 1794 earum
1703 1755 1956 1805 repudiaverit,

323 1812 447 1859 quibus
479 1816 594 1848 autem
618 1813 706 1849 diris
729 1815 830 1850 minis
857 1814 1009 1863 denique
1033 1819 1225 1852 commotus
1249 1817 1312 1862 sit,
1341 1819 1381 1852 ut
1403 1815 1604 1866 petentibus
1628 1815 1871 1860 satisfaceret,
1895 1824 1956 1850 re-

323 1870 437 1916 ferat,
470 1876 554 1919 post
576 1883 805 1920 praeconem,
841 1873 887 1909 ab
903 1874 1095 1923 Aegyptiis
1119 1877 1278 1920 missum,
1315 1879 1354 1910 ut
1377 1876 1441 1912 vel
1464 1877 1504 1912 vi
1528 1875 1592 1912 vel
1615 1875 1749 1911 artibus
1772 1870 1956 1911 Danaides

323 1929 523 1976 abriperet,
547 1930 709 1975 inducat,
732 1936 771 1967 et
794 1936 972 1980 postremo
998 1933 1165 1980 adjiciat,
1203 1931 1490 1981 quemadmodum
1514 1944 1581 1970 eae
1605 1933 1801 1983 patrocinio
1827 1932 1957 1969 civium

323 1987 505 2035 sum-agiis
529 1988 732 2036 impetrato,
766 1991 975 2028 connubium
998 2003 1078 2029 cum
1100 1992 1294 2042 Aegyptiis
1318 1996 1552 2030 exsecrantes
1572 1993 1696 2040 Argos
1719 1991 1957 2039 migraverint.

383 2117 421 2160 ⁴)
449 2120 544 2158 Vide,
565 2121 642 2161 q‘uid-
657 2121 725 2161 lpse
746 2121 784 2152 de
805 2122 860 2153 bac
880 2132 914 2152 re
936 2123 1136 2163 disputaverit
1156 2124 1187 2155 in
1209 2125 1307 2156 libro:
1338 2124 1444 2158 Dram.
1467 2126 1586 2156 Vorles.
1610 2125 1636 2156 1.
1664 2134 1696 2165 p.
1718 2125 1780 2156 150
1798 2119 1855 2154 vetr·

388 2167 423 2210 ⁸)
451 2170 486 2201 lu
508 2172 611 2202 eadem
629 2172 696 2203 fere
716 2174 866 2205 sententia
887 2178 932 2204 est
943 2175 1091 2212 Contine,
1112 2180 1145 2206 ut
1165 2185 1204 2207 ex
1225 2185 1273 2211 ea,
1305 2185 1392 2215 quam
1413 2176 1658 2216 interpretationi
1678 2174 1773 2215 Supp.
1795 2172 1961 2206 teutonica·

452 2211 608 2250 praefixit,
635 2213 825 2251 praefation·
845 2224 877 2254 p.
896 2215 957 2246 xi.
978 2220 1033 2248 ete.
1053 2216 1187 2256 intelligi
1207 2220 1313 2256 potest.

389 2259 421 2302 ⁴)
450 2261 528 2294 Cum
549 2263 713 2295 Welckero
734 2272 895 2299 senserunt
914 2267 1068 2308 Hauptius
1089 2273 1117 2300 ct
1137 2269 1344 2309 Droysenius,
1367 2269 1420 2300 ille
1440 2269 1473 2300 in
1494 2270 1566 2301 edit.
1585 2269 1693 2309 Suppl-
1712 2269 1832 2308 904122
1853 2264 1962 2296 *5⁶⁴²

451 2304 546 2374 {¹¹1sp
580 2313 617 2335 81·
639 2310 774 2343 umento,
812 2308 892 2347 quod
931 2309 1104 2341 fabularum
1139 2309 1374 2350 Aeschylearum
1409 2311 1601 2357 conversioni
1631 2320 1648 2341 e
1677 2309 1803 2353 Graecis
1833 2305 1962 2338 addidit.

480 2345 590 2376 trofini
705 2345 907 2379 CCXXXII-
