2118 2591
1090 69 1147 112 2⁴

297 192 361 228 citi
385 195 422 229 et
446 193 583 241 pristini
607 195 723 228 status
748 191 848 229 obliti
865 202 942 228 cum
967 190 1037 228 deo
1059 195 1220 241 naturam
1240 194 1478 242 permutantes
1500 192 1600 235 hane
1617 196 1699 244 ejus
1721 195 1805 233 loco
1821 194 1936 240 habe-

297 250 399 295 bant,
424 255 461 287 et
482 251 567 288 ideo
592 251 641 288 ad
666 263 729 297 ea,
760 262 849 299 quae
872 253 1000 288 natura
1021 251 1284 301 suppeditavit,
1321 250 1698 302 amplectenda'atque
1720 254 1936 304 perfruenda

296 310 410 356 magis
434 311 619 357 magisque
643 308 880 344 trahebantur.
942 308 1009 345 Sic
1032 308 1150 347 altera
1178 309 1364 357 religionis
1379 311 1487 346 -ratio
1519 310 1720 359 depravata
1755 317 1812 348 est
1844 316 1934 358 orta,

299 377 410 414 quae,
435 379 538 416 quum
561 366 616 412 id,
640 364 735 415 quod
759 365 917 402 deterius
943 370 1020 413 est,
1042 366 1152 405 facile
1174 370 1319 417 superet
1342 371 1449 417 atque
1472 373 1646 418 emergat,
1681 368 1848 409 celeriter
1870 382 1935 421 per

299 437 460 473 magnam
475 426 590 461 Asiae
613 429 650 459 et
661 424 820 462 Africae,
835 428 972 472 partem
995 427 1167 473 perv-sit.
1215 425 1357 472 Singuli
1381 430 1497 462 tamen
1519 427 1694 471 homines,
1718 433 1863 475 quorum
1886 441 1936 466 ex

300 482 504 534 pectoribus
529 479 779 530 contemplatio
810 480 878 518 illa
901 483 1026 518 mentis
1048 481 1194 521 divinae
1216 485 1253 519 et
1277 483 1400 520 verior
1427 494 1542 521 rerum
1575 495 1754 521 sacrarum
1778 487 1936 535 cognitio

300 554 372 579 non
396 541 602 585 exciderat,
627 544 664 576 et
689 542 748 587 qui
771 540 865 577 hanc
888 543 1125 590 incorruptam
1149 541 1362 579 servandam
1387 545 1424 578 et
1445 543 1711 591 propagandam
1721 538 1812 581 ‘esse
1829 548 1935 592 puta-

299 603 400 644 rant,
424 599 601 634 societate
623 598 716 633 inter
738 599 838 646 ipsos
862 600 967 643 inita,
992 610 1014 633 a
1037 598 1150 646 vulgo
1174 609 1216 634 se
1238 604 1491 647 segregarunt,
1515 611 1584 637 nec
1600 601 1784 650 quidquam
1805 612 1936 648 eorum,

299 669 390 707 quae
415 657 496 693 aliis
522 655 688 694 obeunda
711 660 830 701 erant,
865 656 913 692 ad
936 668 978 693 se
1001 658 1178 705 pertinere
1201 656 1403 694 voluerunt.
1461 658 1545 708 Hoc
1568 659 1674 696 modo
1699 661 1836 697 exstitit
1859 661 1936 698 vita

298 715 550 753 sacerdotalis.
597 714 650 750 At
674 713 855 762 exemplo,
881 714 977 761 quod
1000 713 1205 760 ediderant,
1229 718 1373 751 ceteros
1399 725 1537 764 quoque
1560 717 1789 766 impulerunt,
1812 720 1852 754 ut
1869 729 1936 767 pro

299 776 375 811 suis
391 775 537 822 quisque
554 771 783 814 facultatibus
806 771 919 808 simile
943 772 1026 820 quid
1049 772 1226 818 facerent;
1249 773 1370 820 itaque
1391 774 1428 809 in
1451 767 1745 812 consuetudinem
1761 779 1937 813 venerant

302 831 445 882 ordines
463 829 602 878 quidam
619 828 712 864 adeo
738 828 908 876 disjuncti
933 841 978 866 ac
1003 832 1177 878 separati,
1209 834 1248 866 ut
1271 830 1444 867 nullarum
1467 842 1582 867 rerum
1605 833 1697 869 inter
1719 834 1818 882 ipsos
1838 836 1937 871 esset

299 889 538 927 communitas.
588 886 660 925 Illa
683 887 791 934 igitur
815 889 892 924 vita
915 887 1172 934 sacerdotalis,
1197 899 1276 925 cum
1298 890 1334 924 in
1359 888 1449 926 alias
1473 893 1607 937 terras,
1630 894 1703 927 tum
1725 892 1761 927 in
1779 891 1936 942 Aegyp-

299 952 371 984 tum
395 947 560 991 inducta,
585 949 778 994 temporum
801 947 938 992 injuriis
963 958 1034 994 non
1058 948 1192 982 intacta
1215 946 1298 990 fuit,
1328 947 1394 983 sed
1419 951 1456 983 et
1478 950 1558 996 ipsa
1581 948 1763 997 paullatim
1785 949 1936 985 inclina-

298 1007 354 1043 vit
378 1005 427 1041 ad
451 1008 600 1041 naturae
625 1003 755 1040 cultum
779 1005 891 1052 magis
915 1004 1145 1053 perpolitum,
1180 1008 1218 1040 ut
1240 1006 1284 1049 ii,
1310 1006 1367 1052 qui
1390 1004 1472 1042 huic
1495 1011 1598 1043 erant
1621 1006 1750 1053 dediti,
1785 1009 1821 1043 in
1845 1018 1937 1055 cog-

298 1064 509 1109 noscendis,
548 1062 758 1099 definiendis
790 1062 1054 1109 artificioseque
1090 1062 1294 1109 digerendis
1326 1066 1475 1100 naturae
1499 1065 1633 1100 viribus
1667 1068 1704 1100 et
1728 1065 1937 1112 corporibus

300 1121 518 1159 coelestibus
543 1131 663 1156 curam
687 1124 877 1168 ponerent,
915 1124 952 1156 et
976 1131 1024 1156 ex
1046 1120 1102 1155 his
1126 1119 1252 1155 studiis
1285 1120 1499 1166 reconditis,
1539 1121 1623 1168 quid
1652 1124 1714 1156 aut
1736 1121 1937 1158 faciendum

298 1184 361 1216 aut
385 1177 629 1223 omittendum,
665 1182 727 1213 aut
756 1178 992 1226 expetendum
1016 1181 1078 1213 aut
1107 1176 1312 1225 fugIendum
1327 1192 1331 1195 ¹
1349 1181 1464 1223 esset,
1502 1180 1766 1215 constituerent.
1834 1180 1936 1224 Quae

297 1239 376 1275 vita
401 1248 518 1284 quum,
550 1239 589 1271 ut
612 1235 717 1272 modo
743 1235 837 1281 dixi,
874 1237 911 1271 in
934 1236 1108 1284 Aegypto
1134 1234 1283 1271 max'ime
1307 1236 1468 1283 vigeret,
1507 1238 1576 1272 iam
1599 1237 1644 1273 ob
1670 1249 1748 1274 eam
1772 1248 1936 1273 caussam

297 1307 379 1331 now
393 1295 533 1331 dubium
558 1305 641 1330 esse
666 1293 827 1339 videtur,
853 1294 934 1341 quin
954 1292 1181 1340 Aeschylus,
1218 1292 1344 1328 famam
1367 1297 1546 1339 veterem,
1571 1305 1640 1341 qua
1663 1295 1810 1332 Danaus
1833 1295 1935 1341 ejus-

300 1364 368 1400 que
392 1353 489 1389 filiae
514 1364 564 1389 ex
587 1352 656 1389 hac
680 1356 778 1388 terra
801 1353 946 1389 venisse
972 1351 1191 1395 dicerentur,
1224 1354 1392 1397 sequutus
1416 1351 1471 1387 his
1494 1352 1686 1389 nominibus
1710 1352 1807 1388 illam
1830 1356 1935 1388 nota-

299 1413 406 1448 verit.
453 1412 597 1458 Itaque,
634 1411 666 1446 si
690 1411 923 1457 conjecturae
948 1409 1051 1445 locus
1077 1408 1199 1453 datur,
1235 1410 1528 1456 existimaverim,
1564 1410 1788 1459 Aeschylum
1811 1422 1936 1447 nomen

299 1466 414 1506 Δαναὲς
438 1481 509 1505 non
534 1481 557 1504 a
581 1479 662 1504 voc.
688 1463 791 1509 Bavic,
818 1467 913 1514 quod
937 1469 973 1503 in
996 1478 1156 1503 sermone
1180 1466 1291 1503 latino
1319 1471 1375 1504 est
1398 1469 1546 1513 siccum,
1571 1468 1637 1504 sed
1661 1481 1684 1504 a
1707 1469 1821 1506 verbo
1845 1466 1936 1511 ὃαῖειν,

299 1523 401 1565 δαῆναι
425 1531 462 1563 et
486 1525 614 1564 vocab.
639 1522 706 1562 ναὲς
731 1525 930 1561 derivasse.
977 1525 1161 1561 Accentus
1185 1524 1323 1572 quidem
1347 1525 1465 1561 obstat
1488 1525 1570 1562 huic
1595 1527 1844 1573 conjecturae,
1869 1526 1936 1563 sed

298 1588 445 1634 propter
469 1587 704 1628 vetustatem,
742 1584 823 1630 quia
846 1584 993 1618 nominis
1023 1584 1125 1630 origo
1149 1582 1352 1627 exciderat,
1388 1583 1497 1620 facile
1520 1583 1596 1619 fieri
1620 1585 1751 1631 potuit,
1782 1588 1820 1619 ut
1844 1583 1936 1620 illud

298 1654 369 1680 non
393 1643 476 1680 loeo
501 1654 567 1679 suo
592 1644 791 1678 acueretur.
840 1636 929 1676 Alia
952 1644 1050 1677 certe
1075 1640 1252 1688 ejusmodi
1276 1641 1440 1690 exempla
1463 1653 1533 1678 non
1551 1640 1696 1687 desunt,
1720 1652 1787 1678 nec
1803 1641 1934 1678 abhor-

300 1703 370 1738 ruit
393 1713 415 1736 a
439 1700 611 1736 similibus
636 1699 947 1747 compositionibus
971 1699 1199 1747 Aeschylus,
1231 1703 1270 1734 ut
1294 1710 1343 1735 ex
1368 1711 1400 1735 v.
1424 1698 1495 1734 488
1518 1701 1738 1747 perspicuum
1763 1703 1838 1745 est,
1877 1699 1937 1736 ubi

298 1757 425 1803 βωμεὺς
448 1758 591 1805 προνάους
615 1762 772 1807 usurpat.
810 1756 1058 1794 ‘Conni-matur
1082 1758 1185 1793 etiam
1209 1756 1302 1793 haec
1326 1758 1535 1804 conjectura
1557 1770 1590 1794 υ.
1604 1756 1692 1803 315;
1716 1769 1795 1793 nam
1803 1757 1935 1794 Pelas-

299 1827 423 1864 gorum
447 1828 531 1862 rex,
558 1827 761 1864 quamquam
783 1815 880 1852 haud
903 1817 1083 1864 ignorans,
1108 1817 1166 1862 qui
1179 1815 1262 1851 Beli
1285 1815 1350 1851 filii
1372 1815 1537 1861 fuissent,
1563 1819 1678 1852 tamen
1702 1826 1750 1852 ex
1761 1815 1935 1852 Danaidi-

299 1875 365 1912 bus
389 1877 499 1925 patris
522 1886 648 1913 nomen
672 1876 860 1912 sciscitans
884 1876 935 1911 ita
959 1886 1023 1912 eas
1047 1873 1261 1921 adloquutus
1286 1877 1360 1911 est:

710 1932 757 1966 Τὸ
778 1931 963 1975 πάνσοφον
983 1933 1045 1964 νῦν
1064 1929 1175 1971 ὄνομα
1194 1929 1296 1963 τοῦτό
1315 1942 1377 1971 μοι
1397 1930 1542 1975 φράσρν.

300 1994 440 2041 Quodsi
466 1996 575 2044 igitur
598 1996 745 2032 Danaus
777 1995 809 2030 is
842 1998 916 2039 est,
954 1994 1012 2041 qui
1036 1992 1176 2041 templi,
1217 1991 1250 2028 h.
1275 2003 1306 2028 e.
1338 2003 1455 2029 rerum
1490 2005 1672 2030 sacrarum
1707 1993 1754 2028 sit
1789 1992 1934 2041 peritus,

299 2064 489 2100 earumque
525 2055 708 2090 scientiam
747 2052 839 2087 alios
877 2052 1046 2095 edoceat,
1082 2055 1281 2097 utrumque,
1318 2054 1355 2086 et
1379 2048 1496 2088 Δαναὸς
1519 2055 1556 2087 et
1579 2048 1615 2084 τὲ
1641 2048 1806 2095 πάνσοφον
1829 2044 1933 2093 ὄνομα,

298 2113 451 2146 mutuam
475 2111 543 2147 sibi
565 2110 685 2147 adfert
709 2109 843 2155 lucem,
876 2119 943 2144 nec
966 2112 1042 2153 est,
1067 2106 1162 2154 quod
1186 2118 1265 2144 cum
1289 2106 1447 2156 plurimis
1469 2109 1697 2157 interpretum
1711 2106 1803 2143 hunc
1817 2107 1936 2143 locum

298 2172 502 2217 corruptum
526 2180 608 2205 esse
631 2172 804 2220 putemus.
866 2164 981 2204 Δαναὸς
1004 2167 1095 2202 enim
1117 2165 1210 2201 idem
1235 2165 1356 2211 valet,
1389 2166 1486 2213 quod
1508 2167 1548 2201 τὸ
1572 2165 1734 2211 πάνσοφον
1757 2160 1873 2209 ὄνομα,
1898 2167 1937 2202 et

297 2230 407 2275 poeta
427 2222 498 2263 hac
522 2227 728 2264 circuitione
752 2237 840 2262 usus
864 2228 938 2270 est,
975 2227 1014 2259 ut
1036 2234 1162 2259 nomen
1197 2223 1350 2271 simplex
1379 2223 1539 2273 pluribus
1563 2223 1684 2260 verbis
1707 2223 1936 2271 significaret.

297 2284 496 2322 Praeterea
519 2283 620 2321 multi
643 2284 704 2320 alii
734 2286 771 2321 in
802 2281 990 2333 tragoedia
1019 2282 1242 2331 reperiuntur
1273 2281 1366 2327 loci,
1406 2282 1531 2329 quibus
1561 2291 1860 2324 commoveamur,
1897 2281 1937 2315 ut

297 2341 392 2380 hane
415 2344 627 2380 sententiam
658 2341 917 2380 defendendam
953 2340 1195 2389 suscipiamus.
1257 2339 1411 2376 Primum
1435 2339 1620 2377 Danaides
1655 2339 1795 2385 iniussu
1823 2337 1934 2387 patris

1887 2466 1901 2490 2

904 2567 985 2591 ⁴⁵¹⁸&
999 2577 1024 2591 ..a
1058 2585 1070 2591 ι
1081 2588 1085 2591 .
