<?xml version="1.0" encoding="UTF-8"?>
<!DOCTYPE html PUBLIC "-//W3C//DTD XHTML 1.0 Transitional//EN"
    "http://www.w3.org/TR/xhtml1/DTD/xhtml1-transitional.dtd">
<html xmlns="http://www.w3.org/1999/xhtml" xml:lang="en" lang="en">
 <head>
  <title>
</title>
<meta http-equiv="Content-Type" content="text/html;charset=utf-8" />
  <meta name='ocr-system' content='tesseract 3.04.00' />
  <meta name='ocr-capabilities' content='ocr_page ocr_carea ocr_par ocr_line ocrx_word'/>
</head>
<body>
  <div class='ocr_page' id='page_1' title='image "4765507_0036.png"; bbox 0 0 2118 2591; ppageno 0'>
   <div class='ocr_carea' id='block_1_1' title="bbox 1047 13 1121 87">
    <p class='ocr_par' dir='ltr' id='par_1_1' title="bbox 1047 13 1121 87">
     <span class='ocr_line' id='line_1_1' title="bbox 1047 13 1121 87; baseline 0.014 -1"><span class='ocrx_word' id='word_1_1' title='bbox 1047 13 1121 87; x_wconf 39' lang='lat'><strong>28⁵</strong></span> 
     </span>
    </p>
   </div>
   <div class='ocr_carea' id='block_1_2' title="bbox 971 96 1175 106">
    <p class='ocr_par' dir='ltr' id='par_1_2' title="bbox 971 96 1175 106">
     <span class='ocr_line' id='line_1_2' title="bbox 971 96 1175 106; baseline 0 0"><span class='ocrx_word' id='word_1_2' title='bbox 971 96 1175 106; x_wconf 95' lang='lat' dir='ltr'><strong> </strong></span> 
     </span>
    </p>
   </div>
   <div class='ocr_carea' id='block_1_3' title="bbox 251 165 1892 856">
    <p class='ocr_par' dir='ltr' id='par_1_3' title="bbox 251 165 1892 856">
     <span class='ocr_line' id='line_1_3' title="bbox 254 165 1892 218; baseline -0.001 -13"><span class='ocrx_word' id='word_1_3' title='bbox 254 180 345 218; x_wconf 88' lang='lat' dir='ltr'><strong>quae</strong></span> <span class='ocrx_word' id='word_1_4' title='bbox 369 179 552 205; x_wconf 85' lang='lat' dir='ltr'><strong>sacrorum</strong></span> <span class='ocrx_word' id='word_1_5' title='bbox 576 167 876 205; x_wconf 80' lang='lat' dir='ltr'><strong>administratione</strong></span> <span class='ocrx_word' id='word_1_6' title='bbox 893 179 1148 217; x_wconf 83' lang='lat' dir='ltr'><strong>corporumque</strong></span> <span class='ocrx_word' id='word_1_7' title='bbox 1172 167 1379 204; x_wconf 89' lang='lat' dir='ltr'><strong>coelestium</strong></span> <span class='ocrx_word' id='word_1_8' title='bbox 1404 168 1699 217; x_wconf 79' lang='lat' dir='ltr'><strong>contemplatione</strong></span> <span class='ocrx_word' id='word_1_9' title='bbox 1721 165 1892 216; x_wconf 85' lang='lat' dir='ltr'><strong>implicita</strong></span> 
     </span>
     <span class='ocr_line' id='line_1_4' title="bbox 253 224 1889 275; baseline -0.001 -12"><span class='ocrx_word' id='word_1_10' title='bbox 253 240 277 264; x_wconf 89' lang='lat' dir='ltr'><strong>a</strong></span> <span class='ocrx_word' id='word_1_11' title='bbox 300 227 498 264; x_wconf 91' lang='lat' dir='ltr'><strong>muneribus</strong></span> <span class='ocrx_word' id='word_1_12' title='bbox 522 226 675 275; x_wconf 82' lang='lat' dir='ltr'><strong>publicis</strong></span> <span class='ocrx_word' id='word_1_13' title='bbox 700 226 972 273; x_wconf 83' lang='lat' dir='ltr'><strong>domesticisque</strong></span> <span class='ocrx_word' id='word_1_14' title='bbox 996 237 1038 263; x_wconf 90' lang='lat' dir='ltr'><strong>se</strong></span> <span class='ocrx_word' id='word_1_15' title='bbox 1062 227 1279 271; x_wconf 85' lang='lat' dir='ltr'><strong>abduxerat,</strong></span> <span class='ocrx_word' id='word_1_16' title='bbox 1311 237 1413 273; x_wconf 90' lang='lat' dir='ltr'><strong>quam</strong></span> <span class='ocrx_word' id='word_1_17' title='bbox 1436 229 1618 273; x_wconf 70' lang='lat' dir='ltr'><strong>utramque</strong></span> <span class='ocrx_word' id='word_1_18' title='bbox 1642 237 1691 262; x_wconf 87' lang='lat' dir='ltr'><strong>ex</strong></span> <span class='ocrx_word' id='word_1_19' title='bbox 1712 226 1777 262; x_wconf 93' lang='lat' dir='ltr'><strong>illo</strong></span> <span class='ocrx_word' id='word_1_20' title='bbox 1801 224 1889 261; x_wconf 89' lang='lat' dir='ltr'><strong>reli-</strong></span> 
     </span>
     <span class='ocr_line' id='line_1_5' title="bbox 253 283 1888 334; baseline -0.001 -13"><span class='ocrx_word' id='word_1_21' title='bbox 253 287 370 334; x_wconf 87' lang='lat' dir='ltr'><strong>gionis</strong></span> <span class='ocrx_word' id='word_1_22' title='bbox 395 284 619 334; x_wconf 78' lang='lat' dir='ltr'><strong>depravatae</strong></span> <span class='ocrx_word' id='word_1_23' title='bbox 642 295 784 332; x_wconf 84' lang='lat' dir='ltr'><strong>genere,</strong></span> <span class='ocrx_word' id='word_1_24' title='bbox 809 294 878 331; x_wconf 91' lang='lat' dir='ltr'><strong>quo</strong></span> <span class='ocrx_word' id='word_1_25' title='bbox 902 283 1081 331; x_wconf 85' lang='lat' dir='ltr'><strong>homines,</strong></span> <span class='ocrx_word' id='word_1_26' title='bbox 1105 286 1184 322; x_wconf 89' lang='lat' dir='ltr'><strong>veri</strong></span> <span class='ocrx_word' id='word_1_27' title='bbox 1209 283 1268 319; x_wconf 91' lang='lat' dir='ltr'><strong>dei</strong></span> <span class='ocrx_word' id='word_1_28' title='bbox 1292 283 1411 329; x_wconf 86' lang='lat' dir='ltr'><strong>obliti,</strong></span> <span class='ocrx_word' id='word_1_29' title='bbox 1433 285 1592 319; x_wconf 86' lang='lat' dir='ltr'><strong>naturam</strong></span> <span class='ocrx_word' id='word_1_30' title='bbox 1617 285 1766 332; x_wconf 85' lang='lat' dir='ltr'><strong>ejusque</strong></span> <span class='ocrx_word' id='word_1_31' title='bbox 1789 285 1888 320; x_wconf 84' lang='lat' dir='ltr'><strong>vires</strong></span> 
     </span>
     <span class='ocr_line' id='line_1_6' title="bbox 252 335 1888 391; baseline -0.001 -11"><span class='ocrx_word' id='word_1_32' title='bbox 252 335 576 388; x_wconf 81' lang='lat' dir='ltr'><strong>consecraverant,</strong></span> <span class='ocrx_word' id='word_1_33' title='bbox 600 346 715 377; x_wconf 88' lang='lat' dir='ltr'><strong>natam</strong></span> <span class='ocrx_word' id='word_1_34' title='bbox 740 352 823 377; x_wconf 85' lang='lat' dir='ltr'><strong>esse</strong></span> <span class='ocrx_word' id='word_1_35' title='bbox 846 353 955 391; x_wconf 83' lang='lat' dir='ltr'><strong>supra</strong></span> <span class='ocrx_word' id='word_1_36' title='bbox 980 344 1190 387; x_wconf 90' lang='lat' dir='ltr'><strong>monuimus,</strong></span> <span class='ocrx_word' id='word_1_37' title='bbox 1214 343 1295 378; x_wconf 87' lang='lat' dir='ltr'><strong>sive</strong></span> <span class='ocrx_word' id='word_1_38' title='bbox 1318 343 1369 378; x_wconf 85' lang='lat' dir='ltr'><strong>ita</strong></span> <span class='ocrx_word' id='word_1_39' title='bbox 1393 343 1507 377; x_wconf 88' lang='lat' dir='ltr'><strong>animo</strong></span> <span class='ocrx_word' id='word_1_40' title='bbox 1531 340 1687 386; x_wconf 83' lang='lat' dir='ltr'><strong>effinxit,</strong></span> <span class='ocrx_word' id='word_1_41' title='bbox 1712 343 1814 387; x_wconf 87' lang='lat' dir='ltr'><strong>sive,</strong></span> <span class='ocrx_word' id='word_1_42' title='bbox 1838 341 1888 387; x_wconf 90' lang='lat' dir='ltr'><strong>id,</strong></span> 
     </span>
     <span class='ocr_line' id='line_1_7' title="bbox 255 398 1886 450; baseline -0.001 -12"><span class='ocrx_word' id='word_1_43' title='bbox 255 401 352 449; x_wconf 90' lang='lat' dir='ltr'><strong>quod</strong></span> <span class='ocrx_word' id='word_1_44' title='bbox 376 401 592 450; x_wconf 82' lang='lat' dir='ltr'><strong>probabilius</strong></span> <span class='ocrx_word' id='word_1_45' title='bbox 616 398 777 444; x_wconf 91' lang='lat' dir='ltr'><strong>videtur,</strong></span> <span class='ocrx_word' id='word_1_46' title='bbox 819 401 996 448; x_wconf 83' lang='lat' dir='ltr'><strong>antiquum</strong></span> <span class='ocrx_word' id='word_1_47' title='bbox 1025 401 1179 450; x_wconf 84' lang='lat' dir='ltr'><strong>mythum</strong></span> <span class='ocrx_word' id='word_1_48' title='bbox 1210 403 1379 447; x_wconf 73' lang='lat' dir='ltr'><strong>sequutus</strong></span> <span class='ocrx_word' id='word_1_49' title='bbox 1403 404 1475 445; x_wconf 89' lang='lat' dir='ltr'><strong>est,</strong></span> <span class='ocrx_word' id='word_1_50' title='bbox 1512 399 1704 436; x_wconf 79' lang='lat' dir='ltr'><strong>nominibus</strong></span> <span class='ocrx_word' id='word_1_51' title='bbox 1731 399 1886 449; x_wconf 82' lang='lat' dir='ltr'><strong>Aegyp-</strong></span> 
     </span>
     <span class='ocr_line' id='line_1_8' title="bbox 259 457 1886 506; baseline -0.002 -10"><span class='ocrx_word' id='word_1_52' title='bbox 259 461 385 496; x_wconf 90' lang='lat' dir='ltr'><strong>tiorum</strong></span> <span class='ocrx_word' id='word_1_53' title='bbox 409 463 446 495; x_wconf 93' lang='lat' dir='ltr'><strong>et</strong></span> <span class='ocrx_word' id='word_1_54' title='bbox 469 457 666 494; x_wconf 88' lang='lat' dir='ltr'><strong>Danaidum</strong></span> <span class='ocrx_word' id='word_1_55' title='bbox 690 457 886 493; x_wconf 85' lang='lat' dir='ltr'><strong>involutam</strong></span> <span class='ocrx_word' id='word_1_56' title='bbox 910 469 959 494; x_wconf 87' lang='lat' dir='ltr'><strong>ex</strong></span> <span class='ocrx_word' id='word_1_57' title='bbox 978 459 1149 506; x_wconf 87' lang='lat' dir='ltr'><strong>Aegypto</strong></span> <span class='ocrx_word' id='word_1_58' title='bbox 1187 459 1223 492; x_wconf 94' lang='lat' dir='ltr'><strong>in</strong></span> <span class='ocrx_word' id='word_1_59' title='bbox 1248 457 1413 494; x_wconf 85' lang='lat' dir='ltr'><strong>Graciam</strong></span> <span class='ocrx_word' id='word_1_60' title='bbox 1436 459 1598 502; x_wconf 88' lang='lat' dir='ltr'><strong>venisse,</strong></span> <span class='ocrx_word' id='word_1_61' title='bbox 1635 457 1703 493; x_wconf 87' lang='lat' dir='ltr'><strong>sed</strong></span> <span class='ocrx_word' id='word_1_62' title='bbox 1725 458 1773 493; x_wconf 91' lang='lat' dir='ltr'><strong>ibi</strong></span> <span class='ocrx_word' id='word_1_63' title='bbox 1797 467 1886 493; x_wconf 91' lang='lat' dir='ltr'><strong>con-</strong></span> 
     </span>
     <span class='ocr_line' id='line_1_9' title="bbox 256 514 1885 564; baseline 0 -12"><span class='ocrx_word' id='word_1_64' title='bbox 256 518 385 553; x_wconf 89' lang='lat' dir='ltr'><strong>sistere</strong></span> <span class='ocrx_word' id='word_1_65' title='bbox 409 527 478 552; x_wconf 94' lang='lat' dir='ltr'><strong>non</strong></span> <span class='ocrx_word' id='word_1_66' title='bbox 503 516 662 564; x_wconf 90' lang='lat' dir='ltr'><strong>potuisse</strong></span> <span class='ocrx_word' id='word_1_67' title='bbox 687 515 854 552; x_wconf 86' lang='lat' dir='ltr'><strong>ostendit.</strong></span> <span class='ocrx_word' id='word_1_68' title='bbox 898 516 1102 553; x_wconf 86' lang='lat' dir='ltr'><strong>Adventum</strong></span> <span class='ocrx_word' id='word_1_69' title='bbox 1120 514 1319 552; x_wconf 90' lang='lat' dir='ltr'><strong>Danaidum</strong></span> <span class='ocrx_word' id='word_1_70' title='bbox 1343 519 1399 561; x_wconf 88' lang='lat' dir='ltr'><strong>et,</strong></span> <span class='ocrx_word' id='word_1_71' title='bbox 1425 526 1516 563; x_wconf 88' lang='lat' dir='ltr'><strong>quae</strong></span> <span class='ocrx_word' id='word_1_72' title='bbox 1541 526 1618 552; x_wconf 92' lang='lat' dir='ltr'><strong>cum</strong></span> <span class='ocrx_word' id='word_1_73' title='bbox 1642 525 1687 551; x_wconf 93' lang='lat' dir='ltr'><strong>eo</strong></span> <span class='ocrx_word' id='word_1_74' title='bbox 1711 514 1885 556; x_wconf 82' lang='lat' dir='ltr'><strong>cohaere-</strong></span> 
     </span>
     <span class='ocr_line' id='line_1_10' title="bbox 253 569 1886 623; baseline -0.001 -11"><span class='ocrx_word' id='word_1_75' title='bbox 253 576 357 620; x_wconf 88' lang='lat' dir='ltr'><strong>bant,</strong></span> <span class='ocrx_word' id='word_1_76' title='bbox 380 574 491 619; x_wconf 92' lang='lat' dir='ltr'><strong>libro,</strong></span> <span class='ocrx_word' id='word_1_77' title='bbox 529 584 630 621; x_wconf 90' lang='lat' dir='ltr'><strong>quem</strong></span> <span class='ocrx_word' id='word_1_78' title='bbox 655 573 848 622; x_wconf 85' lang='lat' dir='ltr'><strong>Supplices</strong></span> <span class='ocrx_word' id='word_1_79' title='bbox 872 576 1065 623; x_wconf 86' lang='lat' dir='ltr'><strong>inscripsit,</strong></span> <span class='ocrx_word' id='word_1_80' title='bbox 1105 575 1193 610; x_wconf 89' lang='lat' dir='ltr'><strong>satis</strong></span> <span class='ocrx_word' id='word_1_81' title='bbox 1225 575 1401 622; x_wconf 83' lang='lat' dir='ltr'><strong>exposuit.</strong></span> <span class='ocrx_word' id='word_1_82' title='bbox 1449 569 1619 620; x_wconf 78' lang='lat' dir='ltr'><strong>Reliqua,</strong></span> <span class='ocrx_word' id='word_1_83' title='bbox 1653 585 1754 620; x_wconf 94' lang='lat' dir='ltr'><strong>quum</strong></span> <span class='ocrx_word' id='word_1_84' title='bbox 1775 575 1886 610; x_wconf 88' lang='lat' dir='ltr'><strong>maior</strong></span> 
     </span>
     <span class='ocr_line' id='line_1_11' title="bbox 256 630 1886 684; baseline 0 -14"><span class='ocrx_word' id='word_1_85' title='bbox 256 631 479 670; x_wconf 83' lang='lat' dir='ltr'><strong>didascaliae</strong></span> <span class='ocrx_word' id='word_1_86' title='bbox 503 644 588 681; x_wconf 87' lang='lat' dir='ltr'><strong>pars</strong></span> <span class='ocrx_word' id='word_1_87' title='bbox 613 633 777 681; x_wconf 91' lang='lat' dir='ltr'><strong>perierit,</strong></span> <span class='ocrx_word' id='word_1_88' title='bbox 819 634 1034 682; x_wconf 74' lang='lat' dir='ltr'><strong>cogitatione</strong></span> <span class='ocrx_word' id='word_1_89' title='bbox 1059 637 1139 684; x_wconf 78' lang='lat' dir='ltr'><strong>sunt</strong></span> <span class='ocrx_word' id='word_1_90' title='bbox 1163 630 1352 681; x_wconf 86' lang='lat' dir='ltr'><strong>explenda.</strong></span> <span class='ocrx_word' id='word_1_91' title='bbox 1414 630 1520 677; x_wconf 82' lang='lat' dir='ltr'><strong>Quod</strong></span> <span class='ocrx_word' id='word_1_92' title='bbox 1544 633 1611 669; x_wconf 91' lang='lat' dir='ltr'><strong>etsi</strong></span> <span class='ocrx_word' id='word_1_93' title='bbox 1634 643 1698 681; x_wconf 89' lang='lat' dir='ltr'><strong>per</strong></span> <span class='ocrx_word' id='word_1_94' title='bbox 1721 643 1762 670; x_wconf 89' lang='lat' dir='ltr'><strong>se</strong></span> <span class='ocrx_word' id='word_1_95' title='bbox 1786 635 1886 670; x_wconf 89' lang='lat' dir='ltr'><strong>certo</strong></span> 
     </span>
     <span class='ocr_line' id='line_1_12' title="bbox 251 691 1884 739; baseline -0.001 -11"><span class='ocrx_word' id='word_1_96' title='bbox 251 692 329 728; x_wconf 86' lang='lat' dir='ltr'><strong>fieri</strong></span> <span class='ocrx_word' id='word_1_97' title='bbox 353 693 492 738; x_wconf 90' lang='lat' dir='ltr'><strong>nequit,</strong></span> <span class='ocrx_word' id='word_1_98' title='bbox 530 695 645 726; x_wconf 87' lang='lat' dir='ltr'><strong>tamen</strong></span> <span class='ocrx_word' id='word_1_99' title='bbox 676 702 724 727; x_wconf 86' lang='lat' dir='ltr'><strong>ex</strong></span> <span class='ocrx_word' id='word_1_100' title='bbox 754 693 815 737; x_wconf 85' lang='lat' dir='ltr'><strong>iis,</strong></span> <span class='ocrx_word' id='word_1_101' title='bbox 855 703 945 739; x_wconf 86' lang='lat' dir='ltr'><strong>quae</strong></span> <span class='ocrx_word' id='word_1_102' title='bbox 977 696 1058 727; x_wconf 81' lang='lat' dir='ltr'><strong>sunt</strong></span> <span class='ocrx_word' id='word_1_103' title='bbox 1094 692 1278 736; x_wconf 89' lang='lat' dir='ltr'><strong>inchoata,</strong></span> <span class='ocrx_word' id='word_1_104' title='bbox 1316 695 1353 728; x_wconf 86' lang='lat' dir='ltr'><strong>et</strong></span> <span class='ocrx_word' id='word_1_105' title='bbox 1384 702 1475 738; x_wconf 89' lang='lat' dir='ltr'><strong>quae</strong></span> <span class='ocrx_word' id='word_1_106' title='bbox 1508 695 1589 726; x_wconf 86' lang='lat' dir='ltr'><strong>sunt</strong></span> <span class='ocrx_word' id='word_1_107' title='bbox 1622 691 1713 727; x_wconf 84' lang='lat' dir='ltr'><strong>alias</strong></span> <span class='ocrx_word' id='word_1_108' title='bbox 1744 691 1884 736; x_wconf 87' lang='lat' dir='ltr'><strong>tradita,</strong></span> 
     </span>
     <span class='ocr_line' id='line_1_13' title="bbox 253 748 1886 798; baseline -0.001 -12"><span class='ocrx_word' id='word_1_109' title='bbox 253 759 477 797; x_wconf 84' lang='lat' dir='ltr'><strong>cognoscere</strong></span> <span class='ocrx_word' id='word_1_110' title='bbox 502 759 709 797; x_wconf 88' lang='lat' dir='ltr'><strong>possumus,</strong></span> <span class='ocrx_word' id='word_1_111' title='bbox 734 748 799 784; x_wconf 91' lang='lat' dir='ltr'><strong>has</strong></span> <span class='ocrx_word' id='word_1_112' title='bbox 824 749 901 785; x_wconf 88' lang='lat' dir='ltr'><strong>fere</strong></span> <span class='ocrx_word' id='word_1_113' title='bbox 925 749 1036 785; x_wconf 87' lang='lat' dir='ltr'><strong>fuisse</strong></span> <span class='ocrx_word' id='word_1_114' title='bbox 1056 749 1234 798; x_wconf 83' lang='lat' dir='ltr'><strong>Aeschyli</strong></span> <span class='ocrx_word' id='word_1_115' title='bbox 1259 749 1462 784; x_wconf 86' lang='lat' dir='ltr'><strong>sententias.</strong></span> <span class='ocrx_word' id='word_1_116' title='bbox 1509 749 1647 785; x_wconf 87' lang='lat' dir='ltr'><strong>Prioris</strong></span> <span class='ocrx_word' id='word_1_117' title='bbox 1671 751 1770 785; x_wconf 88' lang='lat' dir='ltr'><strong>vitae</strong></span> <span class='ocrx_word' id='word_1_118' title='bbox 1794 750 1886 784; x_wconf 91' lang='lat' dir='ltr'><strong>ratio</strong></span> 
     </span>
     <span class='ocr_line' id='line_1_14' title="bbox 252 806 1885 856; baseline 0 -14"><span class='ocrx_word' id='word_1_119' title='bbox 252 809 388 843; x_wconf 91' lang='lat' dir='ltr'><strong>minime</strong></span> <span class='ocrx_word' id='word_1_120' title='bbox 413 806 652 843; x_wconf 88' lang='lat' dir='ltr'><strong>conveniebat</strong></span> <span class='ocrx_word' id='word_1_121' title='bbox 670 807 888 843; x_wconf 85' lang='lat' dir='ltr'><strong>Graecorum</strong></span> <span class='ocrx_word' id='word_1_122' title='bbox 912 809 1083 853; x_wconf 89' lang='lat' dir='ltr'><strong>moribus,</strong></span> <span class='ocrx_word' id='word_1_123' title='bbox 1114 809 1241 856; x_wconf 89' lang='lat' dir='ltr'><strong>quippe</strong></span> <span class='ocrx_word' id='word_1_124' title='bbox 1266 809 1323 855; x_wconf 91' lang='lat' dir='ltr'><strong>qui</strong></span> <span class='ocrx_word' id='word_1_125' title='bbox 1347 807 1458 855; x_wconf 90' lang='lat' dir='ltr'><strong>probe</strong></span> <span class='ocrx_word' id='word_1_126' title='bbox 1482 807 1739 854; x_wconf 85' lang='lat' dir='ltr'><strong>intelligerent,</strong></span> <span class='ocrx_word' id='word_1_127' title='bbox 1772 806 1885 843; x_wconf 90' lang='lat' dir='ltr'><strong>homi-</strong></span> 
     </span>
    </p>
   </div>
   <div class='ocr_carea' id='block_1_4' title="bbox 191 864 1885 913">
    <p class='ocr_par' dir='ltr' id='par_1_4' title="bbox 191 864 1885 913">
     <span class='ocr_line' id='line_1_15' title="bbox 191 864 1885 913; baseline 0 -13"><span class='ocrx_word' id='word_1_128' title='bbox 191 911 193 913; x_wconf 20' lang='grc'>,</span> <span class='ocrx_word' id='word_1_129' title='bbox 253 876 317 901; x_wconf 89' lang='lat' dir='ltr'><strong>nes</strong></span> <span class='ocrx_word' id='word_1_130' title='bbox 340 876 410 900; x_wconf 93' lang='lat' dir='ltr'><strong>non</strong></span> <span class='ocrx_word' id='word_1_131' title='bbox 433 866 484 899; x_wconf 89' lang='lat' dir='ltr'><strong>ita</strong></span> <span class='ocrx_word' id='word_1_132' title='bbox 509 875 591 900; x_wconf 87' lang='lat' dir='ltr'><strong>esse</strong></span> <span class='ocrx_word' id='word_1_133' title='bbox 616 869 828 911; x_wconf 88' lang='lat' dir='ltr'><strong>generatos,</strong></span> <span class='ocrx_word' id='word_1_134' title='bbox 866 869 904 900; x_wconf 90' lang='lat' dir='ltr'><strong>ut</strong></span> <span class='ocrx_word' id='word_1_135' title='bbox 928 867 1090 913; x_wconf 89' lang='lat' dir='ltr'><strong>corporis</strong></span> <span class='ocrx_word' id='word_1_136' title='bbox 1126 865 1368 913; x_wconf 88' lang='lat' dir='ltr'><strong>voluptatibus</strong></span> <span class='ocrx_word' id='word_1_137' title='bbox 1409 866 1604 910; x_wconf 86' lang='lat' dir='ltr'><strong>servirent,</strong></span> <span class='ocrx_word' id='word_1_138' title='bbox 1643 865 1709 901; x_wconf 87' lang='lat' dir='ltr'><strong>sed</strong></span> <span class='ocrx_word' id='word_1_139' title='bbox 1741 869 1779 899; x_wconf 90' lang='lat' dir='ltr'><strong>ut</strong></span> <span class='ocrx_word' id='word_1_140' title='bbox 1802 864 1885 900; x_wconf 92' lang='lat' dir='ltr'><strong>libi—</strong></span> 
     </span>
    </p>
   </div>
   <div class='ocr_carea' id='block_1_5' title="bbox 250 922 1887 1780">
    <p class='ocr_par' dir='ltr' id='par_1_5' title="bbox 250 922 1887 1780">
     <span class='ocr_line' id='line_1_16' title="bbox 253 922 1885 970; baseline 0.001 -13"><span class='ocrx_word' id='word_1_141' title='bbox 253 922 356 958; x_wconf 88' lang='lat' dir='ltr'><strong>dines</strong></span> <span class='ocrx_word' id='word_1_142' title='bbox 381 923 553 969; x_wconf 88' lang='lat' dir='ltr'><strong>animique</strong></span> <span class='ocrx_word' id='word_1_143' title='bbox 578 923 727 970; x_wconf 90' lang='lat' dir='ltr'><strong>impetus</strong></span> <span class='ocrx_word' id='word_1_144' title='bbox 760 933 830 958; x_wconf 94' lang='lat' dir='ltr'><strong>non</strong></span> <span class='ocrx_word' id='word_1_145' title='bbox 868 926 988 958; x_wconf 88' lang='lat' dir='ltr'><strong>rectos</strong></span> <span class='ocrx_word' id='word_1_146' title='bbox 1020 926 1244 968; x_wconf 87' lang='lat' dir='ltr'><strong>coercerent,</strong></span> <span class='ocrx_word' id='word_1_147' title='bbox 1290 933 1491 969; x_wconf 89' lang='lat' dir='ltr'><strong>omnemque</strong></span> <span class='ocrx_word' id='word_1_148' title='bbox 1514 924 1624 959; x_wconf 89' lang='lat' dir='ltr'><strong>vitam</strong></span> <span class='ocrx_word' id='word_1_149' title='bbox 1648 924 1698 958; x_wconf 84' lang='lat' dir='ltr'><strong>ita</strong></span> <span class='ocrx_word' id='word_1_150' title='bbox 1721 922 1885 959; x_wconf 92' lang='lat' dir='ltr'><strong>modera-</strong></span> 
     </span>
     <span class='ocr_line' id='line_1_17' title="bbox 255 980 1886 1030; baseline 0 -15"><span class='ocrx_word' id='word_1_151' title='bbox 255 983 396 1024; x_wconf 87' lang='lat' dir='ltr'><strong>rentur,</strong></span> <span class='ocrx_word' id='word_1_152' title='bbox 434 983 473 1014; x_wconf 89' lang='lat' dir='ltr'><strong>ut</strong></span> <span class='ocrx_word' id='word_1_153' title='bbox 504 981 610 1015; x_wconf 85' lang='lat' dir='ltr'><strong>menti</strong></span> <span class='ocrx_word' id='word_1_154' title='bbox 635 990 679 1015; x_wconf 91' lang='lat' dir='ltr'><strong>ac</strong></span> <span class='ocrx_word' id='word_1_155' title='bbox 702 981 831 1016; x_wconf 90' lang='lat' dir='ltr'><strong>rationi</strong></span> <span class='ocrx_word' id='word_1_156' title='bbox 854 982 1001 1016; x_wconf 90' lang='lat' dir='ltr'><strong>omnium</strong></span> <span class='ocrx_word' id='word_1_157' title='bbox 1024 992 1138 1017; x_wconf 88' lang='lat' dir='ltr'><strong>rerum</strong></span> <span class='ocrx_word' id='word_1_158' title='bbox 1169 984 1329 1030; x_wconf 87' lang='lat' dir='ltr'><strong>potestas</strong></span> <span class='ocrx_word' id='word_1_159' title='bbox 1360 980 1623 1028; x_wconf 87' lang='lat' dir='ltr'><strong>dominatusque</strong></span> <span class='ocrx_word' id='word_1_160' title='bbox 1656 984 1762 1016; x_wconf 89' lang='lat' dir='ltr'><strong>esset.</strong></span> <span class='ocrx_word' id='word_1_161' title='bbox 1809 980 1886 1015; x_wconf 88' lang='lat' dir='ltr'><strong>Ita-</strong></span> 
     </span>
     <span class='ocr_line' id='line_1_18' title="bbox 256 1037 1887 1088; baseline 0.001 -15"><span class='ocrx_word' id='word_1_162' title='bbox 256 1050 343 1085; x_wconf 89' lang='lat' dir='ltr'><strong>que,</strong></span> <span class='ocrx_word' id='word_1_163' title='bbox 381 1042 420 1074; x_wconf 89' lang='lat' dir='ltr'><strong>ut</strong></span> <span class='ocrx_word' id='word_1_164' title='bbox 444 1041 501 1074; x_wconf 86' lang='lat' dir='ltr'><strong>est</strong></span> <span class='ocrx_word' id='word_1_165' title='bbox 523 1039 559 1073; x_wconf 91' lang='lat' dir='ltr'><strong>in</strong></span> <span class='ocrx_word' id='word_1_166' title='bbox 583 1038 725 1083; x_wconf 88' lang='lat' dir='ltr'><strong>fabula,</strong></span> <span class='ocrx_word' id='word_1_167' title='bbox 761 1050 881 1075; x_wconf 89' lang='lat' dir='ltr'><strong>omnes</strong></span> <span class='ocrx_word' id='word_1_168' title='bbox 904 1039 1066 1088; x_wconf 86' lang='lat' dir='ltr'><strong>Aegypti</strong></span> <span class='ocrx_word' id='word_1_169' title='bbox 1091 1040 1169 1083; x_wconf 88' lang='lat' dir='ltr'><strong>filii,</strong></span> <span class='ocrx_word' id='word_1_170' title='bbox 1208 1043 1362 1086; x_wconf 83' lang='lat' dir='ltr'><strong>excepto</strong></span> <span class='ocrx_word' id='word_1_171' title='bbox 1394 1039 1564 1086; x_wconf 87' lang='lat' dir='ltr'><strong>Lynceo,</strong></span> <span class='ocrx_word' id='word_1_172' title='bbox 1602 1037 1887 1085; x_wconf 85' lang='lat' dir='ltr'><strong>quemadmodum</strong></span> 
     </span>
     <span class='ocr_line' id='line_1_19' title="bbox 253 1091 1886 1144; baseline -0.001 -12"><span class='ocrx_word' id='word_1_173' title='bbox 253 1099 473 1132; x_wconf 86' lang='lat' dir='ltr'><strong>convenerat</strong></span> <span class='ocrx_word' id='word_1_174' title='bbox 496 1097 588 1132; x_wconf 88' lang='lat' dir='ltr'><strong>inter</strong></span> <span class='ocrx_word' id='word_1_175' title='bbox 596 1097 758 1131; x_wconf 89' lang='lat' dir='ltr'><strong>Danaum</strong></span> <span class='ocrx_word' id='word_1_176' title='bbox 783 1100 819 1132; x_wconf 89' lang='lat' dir='ltr'><strong>et</strong></span> <span class='ocrx_word' id='word_1_177' title='bbox 843 1096 953 1142; x_wconf 84' lang='lat' dir='ltr'><strong>filias,</strong></span> <span class='ocrx_word' id='word_1_178' title='bbox 978 1097 1023 1132; x_wconf 87' lang='lat' dir='ltr'><strong>ab</strong></span> <span class='ocrx_word' id='word_1_179' title='bbox 1048 1097 1103 1132; x_wconf 91' lang='lat' dir='ltr'><strong>his</strong></span> <span class='ocrx_word' id='word_1_180' title='bbox 1127 1100 1298 1132; x_wconf 89' lang='lat' dir='ltr'><strong>nocturno</strong></span> <span class='ocrx_word' id='word_1_181' title='bbox 1323 1100 1481 1144; x_wconf 90' lang='lat' dir='ltr'><strong>tempore</strong></span> <span class='ocrx_word' id='word_1_182' title='bbox 1505 1091 1589 1131; x_wconf 88' lang='lat' dir='ltr'><strong>sicis</strong></span> <span class='ocrx_word' id='word_1_183' title='bbox 1613 1096 1766 1143; x_wconf 84' lang='lat' dir='ltr'><strong>perfossi</strong></span> <span class='ocrx_word' id='word_1_184' title='bbox 1787 1096 1886 1132; x_wconf 90' lang='lat' dir='ltr'><strong>ceci-</strong></span> 
     </span>
     <span class='ocr_line' id='line_1_20' title="bbox 253 1153 1885 1203; baseline 0 -13"><span class='ocrx_word' id='word_1_185' title='bbox 253 1153 390 1190; x_wconf 90' lang='lat' dir='ltr'><strong>derunt.</strong></span> <span class='ocrx_word' id='word_1_186' title='bbox 438 1154 510 1190; x_wconf 89' lang='lat' dir='ltr'><strong>Hic</strong></span> <span class='ocrx_word' id='word_1_187' title='bbox 534 1158 631 1191; x_wconf 86' lang='lat' dir='ltr'><strong>totus</strong></span> <span class='ocrx_word' id='word_1_188' title='bbox 655 1156 708 1191; x_wconf 91' lang='lat' dir='ltr'><strong>rei</strong></span> <span class='ocrx_word' id='word_1_189' title='bbox 733 1159 854 1201; x_wconf 83' lang='lat' dir='ltr'><strong>actus,</strong></span> <span class='ocrx_word' id='word_1_190' title='bbox 880 1167 948 1203; x_wconf 89' lang='lat' dir='ltr'><strong>quo</strong></span> <span class='ocrx_word' id='word_1_191' title='bbox 964 1155 1111 1191; x_wconf 86' lang='lat' dir='ltr'><strong>Danaus</strong></span> <span class='ocrx_word' id='word_1_192' title='bbox 1137 1166 1214 1192; x_wconf 91' lang='lat' dir='ltr'><strong>cum</strong></span> <span class='ocrx_word' id='word_1_193' title='bbox 1237 1154 1357 1190; x_wconf 89' lang='lat' dir='ltr'><strong>fratris</strong></span> <span class='ocrx_word' id='word_1_194' title='bbox 1376 1154 1458 1190; x_wconf 88' lang='lat' dir='ltr'><strong>filiis</strong></span> <span class='ocrx_word' id='word_1_195' title='bbox 1481 1155 1517 1190; x_wconf 91' lang='lat' dir='ltr'><strong>in</strong></span> <span class='ocrx_word' id='word_1_196' title='bbox 1541 1155 1690 1202; x_wconf 79' lang='lat' dir='ltr'><strong>gratiam</strong></span> <span class='ocrx_word' id='word_1_197' title='bbox 1711 1164 1751 1190; x_wconf 90' lang='lat' dir='ltr'><strong>se</strong></span> <span class='ocrx_word' id='word_1_198' title='bbox 1765 1153 1885 1190; x_wconf 87' lang='lat' dir='ltr'><strong>redire</strong></span> 
     </span>
     <span class='ocr_line' id='line_1_21' title="bbox 251 1212 1885 1261; baseline -0.001 -13"><span class='ocrx_word' id='word_1_199' title='bbox 251 1212 352 1248; x_wconf 90' lang='lat' dir='ltr'><strong>velle</strong></span> <span class='ocrx_word' id='word_1_200' title='bbox 377 1212 627 1257; x_wconf 88' lang='lat' dir='ltr'><strong>simulaverat,</strong></span> <span class='ocrx_word' id='word_1_201' title='bbox 653 1217 690 1247; x_wconf 94' lang='lat' dir='ltr'><strong>et</strong></span> <span class='ocrx_word' id='word_1_202' title='bbox 714 1224 777 1248; x_wconf 91' lang='lat' dir='ltr'><strong>eos</strong></span> <span class='ocrx_word' id='word_1_203' title='bbox 801 1217 945 1259; x_wconf 90' lang='lat' dir='ltr'><strong>postea,</strong></span> <span class='ocrx_word' id='word_1_204' title='bbox 970 1213 1195 1261; x_wconf 85' lang='lat' dir='ltr'><strong>sponsalibus</strong></span> <span class='ocrx_word' id='word_1_205' title='bbox 1219 1214 1286 1248; x_wconf 91' lang='lat' dir='ltr'><strong>rite</strong></span> <span class='ocrx_word' id='word_1_206' title='bbox 1310 1213 1434 1257; x_wconf 86' lang='lat' dir='ltr'><strong>factis,</strong></span> <span class='ocrx_word' id='word_1_207' title='bbox 1471 1215 1520 1247; x_wconf 85' lang='lat' dir='ltr'><strong>ex</strong></span> <span class='ocrx_word' id='word_1_208' title='bbox 1543 1212 1679 1247; x_wconf 89' lang='lat' dir='ltr'><strong>insidiis</strong></span> <span class='ocrx_word' id='word_1_209' title='bbox 1703 1223 1768 1260; x_wconf 92' lang='lat' dir='ltr'><strong>per</strong></span> <span class='ocrx_word' id='word_1_210' title='bbox 1792 1212 1885 1247; x_wconf 80' lang='lat' dir='ltr'><strong>filias</strong></span> 
     </span>
     <span class='ocr_line' id='line_1_22' title="bbox 251 1269 1884 1318; baseline -0.001 -12"><span class='ocrx_word' id='word_1_211' title='bbox 251 1271 374 1306; x_wconf 88' lang='lat' dir='ltr'><strong>necari</strong></span> <span class='ocrx_word' id='word_1_212' title='bbox 394 1270 574 1316; x_wconf 86' lang='lat' dir='ltr'><strong>jusserat,</strong></span> <span class='ocrx_word' id='word_1_213' title='bbox 609 1282 711 1317; x_wconf 92' lang='lat' dir='ltr'><strong>quum</strong></span> <span class='ocrx_word' id='word_1_214' title='bbox 734 1271 769 1305; x_wconf 94' lang='lat' dir='ltr'><strong>in</strong></span> <span class='ocrx_word' id='word_1_215' title='bbox 793 1281 838 1306; x_wconf 89' lang='lat' dir='ltr'><strong>eo</strong></span> <span class='ocrx_word' id='word_1_216' title='bbox 863 1272 973 1306; x_wconf 88' lang='lat' dir='ltr'><strong>omnis</strong></span> <span class='ocrx_word' id='word_1_217' title='bbox 998 1272 1057 1307; x_wconf 89' lang='lat' dir='ltr'><strong>vis</strong></span> <span class='ocrx_word' id='word_1_218' title='bbox 1088 1272 1226 1318; x_wconf 85' lang='lat' dir='ltr'><strong>tragica</strong></span> <span class='ocrx_word' id='word_1_219' title='bbox 1250 1274 1347 1306; x_wconf 87' lang='lat' dir='ltr'><strong>esset</strong></span> <span class='ocrx_word' id='word_1_220' title='bbox 1370 1271 1504 1318; x_wconf 87' lang='lat' dir='ltr'><strong>posita,</strong></span> <span class='ocrx_word' id='word_1_221' title='bbox 1544 1269 1694 1306; x_wconf 89' lang='lat' dir='ltr'><strong>medium</strong></span> <span class='ocrx_word' id='word_1_222' title='bbox 1718 1269 1884 1317; x_wconf 82' lang='lat' dir='ltr'><strong>trilogiae</strong></span> 
     </span>
     <span class='ocr_line' id='line_1_23' title="bbox 251 1327 1886 1376; baseline -0.001 -13"><span class='ocrx_word' id='word_1_223' title='bbox 251 1328 368 1363; x_wconf 88' lang='lat' dir='ltr'><strong>locum</strong></span> <span class='ocrx_word' id='word_1_224' title='bbox 392 1328 591 1372; x_wconf 90' lang='lat' dir='ltr'><strong>obtinebat,</strong></span> <span class='ocrx_word' id='word_1_225' title='bbox 622 1328 689 1364; x_wconf 92' lang='lat' dir='ltr'><strong>sed</strong></span> <span class='ocrx_word' id='word_1_226' title='bbox 713 1339 838 1364; x_wconf 90' lang='lat' dir='ltr'><strong>nomen</strong></span> <span class='ocrx_word' id='word_1_227' title='bbox 864 1330 944 1375; x_wconf 89' lang='lat' dir='ltr'><strong>ejus</strong></span> <span class='ocrx_word' id='word_1_228' title='bbox 967 1329 1015 1364; x_wconf 93' lang='lat' dir='ltr'><strong>ad</strong></span> <span class='ocrx_word' id='word_1_229' title='bbox 1038 1333 1197 1376; x_wconf 89' lang='lat' dir='ltr'><strong>tempora</strong></span> <span class='ocrx_word' id='word_1_230' title='bbox 1214 1331 1337 1363; x_wconf 88' lang='lat' dir='ltr'><strong>nostra</strong></span> <span class='ocrx_word' id='word_1_231' title='bbox 1353 1338 1421 1363; x_wconf 91' lang='lat' dir='ltr'><strong>non</strong></span> <span class='ocrx_word' id='word_1_232' title='bbox 1444 1329 1616 1375; x_wconf 89' lang='lat' dir='ltr'><strong>pervenit.</strong></span> <span class='ocrx_word' id='word_1_233' title='bbox 1666 1329 1754 1363; x_wconf 91' lang='lat' dir='ltr'><strong>Item</strong></span> <span class='ocrx_word' id='word_1_234' title='bbox 1770 1327 1886 1363; x_wconf 86' lang='lat' dir='ltr'><strong>altera</strong></span> 
     </span>
     <span class='ocr_line' id='line_1_24' title="bbox 253 1385 1882 1434; baseline 0 -14"><span class='ocrx_word' id='word_1_235' title='bbox 253 1386 353 1421; x_wconf 89' lang='lat' dir='ltr'><strong>vitae</strong></span> <span class='ocrx_word' id='word_1_236' title='bbox 377 1387 485 1430; x_wconf 89' lang='lat' dir='ltr'><strong>ratio,</strong></span> <span class='ocrx_word' id='word_1_237' title='bbox 510 1387 578 1421; x_wconf 87' lang='lat' dir='ltr'><strong>etsi</strong></span> <span class='ocrx_word' id='word_1_238' title='bbox 602 1388 711 1434; x_wconf 88' lang='lat' dir='ltr'><strong>priori</strong></span> <span class='ocrx_word' id='word_1_239' title='bbox 735 1386 845 1422; x_wconf 91' lang='lat' dir='ltr'><strong>multo</strong></span> <span class='ocrx_word' id='word_1_240' title='bbox 870 1387 1107 1434; x_wconf 88' lang='lat' dir='ltr'><strong>praestantior</strong></span> <span class='ocrx_word' id='word_1_241' title='bbox 1131 1389 1168 1421; x_wconf 91' lang='lat' dir='ltr'><strong>et</strong></span> <span class='ocrx_word' id='word_1_242' title='bbox 1189 1385 1359 1421; x_wconf 90' lang='lat' dir='ltr'><strong>hominum</strong></span> <span class='ocrx_word' id='word_1_243' title='bbox 1384 1385 1585 1421; x_wconf 82' lang='lat' dir='ltr'><strong>conditione</strong></span> <span class='ocrx_word' id='word_1_244' title='bbox 1608 1385 1717 1422; x_wconf 91' lang='lat' dir='ltr'><strong>multo</strong></span> <span class='ocrx_word' id='word_1_245' title='bbox 1732 1385 1882 1432; x_wconf 86' lang='lat' dir='ltr'><strong>dignior,</strong></span> 
     </span>
     <span class='ocr_line' id='line_1_25' title="bbox 252 1443 1884 1491; baseline -0.001 -12"><span class='ocrx_word' id='word_1_246' title='bbox 252 1443 404 1479; x_wconf 83' lang='lat' dir='ltr'><strong>Graecis</strong></span> <span class='ocrx_word' id='word_1_247' title='bbox 430 1443 571 1490; x_wconf 90' lang='lat' dir='ltr'><strong>probari</strong></span> <span class='ocrx_word' id='word_1_248' title='bbox 596 1455 665 1479; x_wconf 92' lang='lat' dir='ltr'><strong>non</strong></span> <span class='ocrx_word' id='word_1_249' title='bbox 689 1448 847 1491; x_wconf 83' lang='lat' dir='ltr'><strong>poterat3</strong></span> <span class='ocrx_word' id='word_1_250' title='bbox 887 1456 966 1479; x_wconf 86' lang='lat' dir='ltr'><strong>nam</strong></span> <span class='ocrx_word' id='word_1_251' title='bbox 990 1444 1080 1481; x_wconf 89' lang='lat' dir='ltr'><strong>haec</strong></span> <span class='ocrx_word' id='word_1_252' title='bbox 1104 1455 1193 1491; x_wconf 90' lang='lat' dir='ltr'><strong>gens</strong></span> <span class='ocrx_word' id='word_1_253' title='bbox 1217 1446 1267 1479; x_wconf 91' lang='lat' dir='ltr'><strong>ita</strong></span> <span class='ocrx_word' id='word_1_254' title='bbox 1291 1443 1483 1488; x_wconf 85' lang='lat' dir='ltr'><strong>sentiebat,</strong></span> <span class='ocrx_word' id='word_1_255' title='bbox 1521 1443 1728 1491; x_wconf 86' lang='lat' dir='ltr'><strong>religionem</strong></span> <span class='ocrx_word' id='word_1_256' title='bbox 1752 1444 1884 1491; x_wconf 90' lang='lat' dir='ltr'><strong>princi-</strong></span> 
     </span>
     <span class='ocr_line' id='line_1_26' title="bbox 251 1500 1882 1548; baseline 0.001 -13"><span class='ocrx_word' id='word_1_257' title='bbox 251 1502 344 1548; x_wconf 91' lang='lat' dir='ltr'><strong>pium</strong></span> <span class='ocrx_word' id='word_1_258' title='bbox 369 1500 508 1547; x_wconf 91' lang='lat' dir='ltr'><strong>quidem</strong></span> <span class='ocrx_word' id='word_1_259' title='bbox 533 1511 615 1536; x_wconf 88' lang='lat' dir='ltr'><strong>esse</strong></span> <span class='ocrx_word' id='word_1_260' title='bbox 639 1502 747 1536; x_wconf 89' lang='lat' dir='ltr'><strong>totius</strong></span> <span class='ocrx_word' id='word_1_261' title='bbox 770 1503 870 1537; x_wconf 87' lang='lat' dir='ltr'><strong>vitae</strong></span> <span class='ocrx_word' id='word_1_262' title='bbox 895 1501 1084 1546; x_wconf 88' lang='lat' dir='ltr'><strong>humanae,</strong></span> <span class='ocrx_word' id='word_1_263' title='bbox 1130 1501 1177 1537; x_wconf 90' lang='lat' dir='ltr'><strong>ad</strong></span> <span class='ocrx_word' id='word_1_264' title='bbox 1202 1512 1345 1548; x_wconf 90' lang='lat' dir='ltr'><strong>eamque</strong></span> <span class='ocrx_word' id='word_1_265' title='bbox 1370 1511 1489 1537; x_wconf 89' lang='lat' dir='ltr'><strong>omnes</strong></span> <span class='ocrx_word' id='word_1_266' title='bbox 1513 1512 1571 1537; x_wconf 92' lang='lat' dir='ltr'><strong>res</strong></span> <span class='ocrx_word' id='word_1_267' title='bbox 1597 1512 1679 1537; x_wconf 89' lang='lat' dir='ltr'><strong>esse</strong></span> <span class='ocrx_word' id='word_1_268' title='bbox 1702 1511 1882 1537; x_wconf 89' lang='lat' dir='ltr'><strong>revocan-</strong></span> 
     </span>
     <span class='ocr_line' id='line_1_27' title="bbox 251 1558 1884 1605; baseline 0.001 -13"><span class='ocrx_word' id='word_1_269' title='bbox 251 1558 334 1601; x_wconf 88' lang='lat' dir='ltr'><strong>das,</strong></span> <span class='ocrx_word' id='word_1_270' title='bbox 373 1562 613 1593; x_wconf 89' lang='lat' dir='ltr'><strong>verumtamen</strong></span> <span class='ocrx_word' id='word_1_271' title='bbox 643 1569 714 1593; x_wconf 95' lang='lat' dir='ltr'><strong>non</strong></span> <span class='ocrx_word' id='word_1_272' title='bbox 746 1569 829 1594; x_wconf 87' lang='lat' dir='ltr'><strong>esse</strong></span> <span class='ocrx_word' id='word_1_273' title='bbox 865 1558 1146 1604; x_wconf 90' lang='lat' dir='ltr'><strong>concedendum,</strong></span> <span class='ocrx_word' id='word_1_274' title='bbox 1182 1563 1221 1594; x_wconf 90' lang='lat' dir='ltr'><strong>ut</strong></span> <span class='ocrx_word' id='word_1_275' title='bbox 1245 1570 1289 1594; x_wconf 91' lang='lat' dir='ltr'><strong>ea</strong></span> <span class='ocrx_word' id='word_1_276' title='bbox 1313 1560 1384 1594; x_wconf 90' lang='lat' dir='ltr'><strong>vim</strong></span> <span class='ocrx_word' id='word_1_277' title='bbox 1408 1563 1595 1594; x_wconf 86' lang='lat' dir='ltr'><strong>exerceret</strong></span> <span class='ocrx_word' id='word_1_278' title='bbox 1617 1558 1760 1605; x_wconf 87' lang='lat' dir='ltr'><strong>reliquis</strong></span> <span class='ocrx_word' id='word_1_279' title='bbox 1785 1560 1884 1594; x_wconf 88' lang='lat' dir='ltr'><strong>vitae</strong></span> 
     </span>
     <span class='ocr_line' id='line_1_28' title="bbox 250 1615 1881 1664; baseline 0.001 -14"><span class='ocrx_word' id='word_1_280' title='bbox 250 1615 408 1664; x_wconf 88' lang='lat' dir='ltr'><strong>partibus</strong></span> <span class='ocrx_word' id='word_1_281' title='bbox 434 1619 470 1651; x_wconf 93' lang='lat' dir='ltr'><strong>et</strong></span> <span class='ocrx_word' id='word_1_282' title='bbox 493 1615 665 1650; x_wconf 90' lang='lat' dir='ltr'><strong>hominum</strong></span> <span class='ocrx_word' id='word_1_283' title='bbox 688 1617 852 1651; x_wconf 86' lang='lat' dir='ltr'><strong>societati</strong></span> <span class='ocrx_word' id='word_1_284' title='bbox 877 1618 1130 1664; x_wconf 79' lang='lat' dir='ltr'><strong>perniciosam3</strong></span> <span class='ocrx_word' id='word_1_285' title='bbox 1167 1615 1236 1652; x_wconf 90' lang='lat' dir='ltr'><strong>hoc</strong></span> <span class='ocrx_word' id='word_1_286' title='bbox 1261 1619 1376 1651; x_wconf 90' lang='lat' dir='ltr'><strong>autem</strong></span> <span class='ocrx_word' id='word_1_287' title='bbox 1400 1615 1494 1661; x_wconf 90' lang='lat' dir='ltr'><strong>fieri,</strong></span> <span class='ocrx_word' id='word_1_288' title='bbox 1519 1628 1620 1663; x_wconf 92' lang='lat' dir='ltr'><strong>quum</strong></span> <span class='ocrx_word' id='word_1_289' title='bbox 1652 1615 1792 1662; x_wconf 87' lang='lat' dir='ltr'><strong>singuli,</strong></span> <span class='ocrx_word' id='word_1_290' title='bbox 1816 1617 1881 1651; x_wconf 89' lang='lat' dir='ltr'><strong>im-</strong></span> 
     </span>
     <span class='ocr_line' id='line_1_29' title="bbox 250 1674 1884 1721; baseline 0.001 -13"><span class='ocrx_word' id='word_1_291' title='bbox 250 1685 421 1710; x_wconf 89' lang='lat' dir='ltr'><strong>memores</strong></span> <span class='ocrx_word' id='word_1_292' title='bbox 445 1675 638 1721; x_wconf 89' lang='lat' dir='ltr'><strong>praecepti,</strong></span> <span class='ocrx_word' id='word_1_293' title='bbox 663 1674 822 1710; x_wconf 89' lang='lat' dir='ltr'><strong>homines</strong></span> <span class='ocrx_word' id='word_1_294' title='bbox 847 1674 1020 1709; x_wconf 88' lang='lat' dir='ltr'><strong>hominum</strong></span> <span class='ocrx_word' id='word_1_295' title='bbox 1044 1685 1154 1710; x_wconf 87' lang='lat' dir='ltr'><strong>causa</strong></span> <span class='ocrx_word' id='word_1_296' title='bbox 1178 1685 1260 1709; x_wconf 88' lang='lat' dir='ltr'><strong>esse</strong></span> <span class='ocrx_word' id='word_1_297' title='bbox 1285 1677 1394 1718; x_wconf 82' lang='lat' dir='ltr'><strong>ortos,</strong></span> <span class='ocrx_word' id='word_1_298' title='bbox 1418 1677 1457 1708; x_wconf 88' lang='lat' dir='ltr'><strong>ut</strong></span> <span class='ocrx_word' id='word_1_299' title='bbox 1481 1675 1585 1710; x_wconf 89' lang='lat' dir='ltr'><strong>otiosi</strong></span> <span class='ocrx_word' id='word_1_300' title='bbox 1609 1684 1734 1709; x_wconf 87' lang='lat' dir='ltr'><strong>sensns</strong></span> <span class='ocrx_word' id='word_1_301' title='bbox 1758 1674 1884 1709; x_wconf 86' lang='lat' dir='ltr'><strong>titilla-</strong></span> 
     </span>
     <span class='ocr_line' id='line_1_30' title="bbox 251 1731 1883 1780; baseline -0.001 -13"><span class='ocrx_word' id='word_1_302' title='bbox 251 1733 348 1767; x_wconf 89' lang='lat' dir='ltr'><strong>tione</strong></span> <span class='ocrx_word' id='word_1_303' title='bbox 378 1731 528 1779; x_wconf 84' lang='lat' dir='ltr'><strong>quadam</strong></span> <span class='ocrx_word' id='word_1_304' title='bbox 559 1742 607 1767; x_wconf 87' lang='lat' dir='ltr'><strong>ex</strong></span> <span class='ocrx_word' id='word_1_305' title='bbox 644 1731 818 1779; x_wconf 88' lang='lat' dir='ltr'><strong>religione</strong></span> <span class='ocrx_word' id='word_1_306' title='bbox 853 1736 967 1767; x_wconf 86' lang='lat' dir='ltr'><strong>sumta</strong></span> <span class='ocrx_word' id='word_1_307' title='bbox 1002 1732 1277 1780; x_wconf 88' lang='lat' dir='ltr'><strong>permulcerent,</strong></span> <span class='ocrx_word' id='word_1_308' title='bbox 1317 1731 1467 1779; x_wconf 88' lang='lat' dir='ltr'><strong>publicis</strong></span> <span class='ocrx_word' id='word_1_309' title='bbox 1488 1731 1682 1767; x_wconf 83' lang='lat' dir='ltr'><strong>commodis</strong></span> <span class='ocrx_word' id='word_1_310' title='bbox 1706 1731 1883 1776; x_wconf 88' lang='lat' dir='ltr'><strong>deessent,</strong></span> 
     </span>
    </p>
   </div>
   <div class='ocr_carea' id='block_1_6' title="bbox 251 1788 1961 1837">
    <p class='ocr_par' dir='ltr' id='par_1_6' title="bbox 251 1788 1961 1837">
     <span class='ocr_line' id='line_1_31' title="bbox 251 1788 1961 1837; baseline -0.001 -11"><span class='ocrx_word' id='word_1_311' title='bbox 251 1794 288 1826; x_wconf 89' lang='lat' dir='ltr'><strong>et</strong></span> <span class='ocrx_word' id='word_1_312' title='bbox 314 1800 378 1825; x_wconf 88' lang='lat' dir='ltr'><strong>eos</strong></span> <span class='ocrx_word' id='word_1_313' title='bbox 414 1792 519 1825; x_wconf 87' lang='lat' dir='ltr'><strong>etiam</strong></span> <span class='ocrx_word' id='word_1_314' title='bbox 554 1801 671 1837; x_wconf 88' lang='lat' dir='ltr'><strong>poena</strong></span> <span class='ocrx_word' id='word_1_315' title='bbox 696 1801 778 1826; x_wconf 88' lang='lat' dir='ltr'><strong>esse</strong></span> <span class='ocrx_word' id='word_1_316' title='bbox 804 1789 1042 1835; x_wconf 80' lang='lat' dir='ltr'><strong>adficiend0s‚</strong></span> <span class='ocrx_word' id='word_1_317' title='bbox 1081 1801 1200 1837; x_wconf 92' lang='lat' dir='ltr'><strong>quum,</strong></span> <span class='ocrx_word' id='word_1_318' title='bbox 1235 1788 1420 1826; x_wconf 92' lang='lat' dir='ltr'><strong>dummodo</strong></span> <span class='ocrx_word' id='word_1_319' title='bbox 1453 1789 1522 1825; x_wconf 93' lang='lat' dir='ltr'><strong>hoc</strong></span> <span class='ocrx_word' id='word_1_320' title='bbox 1552 1789 1618 1825; x_wconf 89' lang='lat' dir='ltr'><strong>sibi</strong></span> <span class='ocrx_word' id='word_1_321' title='bbox 1641 1789 1783 1835; x_wconf 91' lang='lat' dir='ltr'><strong>liceret,</strong></span> <span class='ocrx_word' id='word_1_322' title='bbox 1821 1789 1885 1825; x_wconf 91' lang='lat' dir='ltr'><strong>vel</strong></span> <span class='ocrx_word' id='word_1_323' title='bbox 1946 1824 1961 1829; x_wconf 69' lang='grc'><strong>,</strong></span> 
     </span>
    </p>
   </div>
   <div class='ocr_carea' id='block_1_7' title="bbox 248 1847 1886 2363">
    <p class='ocr_par' dir='ltr' id='par_1_7' title="bbox 248 1847 1886 2363">
     <span class='ocr_line' id='line_1_32' title="bbox 249 1847 1884 1894; baseline -0.001 -12"><span class='ocrx_word' id='word_1_324' title='bbox 249 1847 370 1883; x_wconf 90' lang='lat' dir='ltr'><strong>scelus</strong></span> <span class='ocrx_word' id='word_1_325' title='bbox 394 1849 429 1882; x_wconf 92' lang='lat' dir='ltr'><strong>in</strong></span> <span class='ocrx_word' id='word_1_326' title='bbox 453 1859 493 1883; x_wconf 89' lang='lat' dir='ltr'><strong>se</strong></span> <span class='ocrx_word' id='word_1_327' title='bbox 519 1847 704 1884; x_wconf 91' lang='lat' dir='ltr'><strong>admittere</strong></span> <span class='ocrx_word' id='word_1_328' title='bbox 728 1859 798 1883; x_wconf 92' lang='lat' dir='ltr'><strong>non</strong></span> <span class='ocrx_word' id='word_1_329' title='bbox 821 1852 1041 1884; x_wconf 90' lang='lat' dir='ltr'><strong>vererentur.</strong></span> <span class='ocrx_word' id='word_1_330' title='bbox 1108 1850 1166 1884; x_wconf 88' lang='lat' dir='ltr'><strong>Ita</strong></span> <span class='ocrx_word' id='word_1_331' title='bbox 1186 1847 1317 1884; x_wconf 85' lang='lat' dir='ltr'><strong>Graeci</strong></span> <span class='ocrx_word' id='word_1_332' title='bbox 1341 1849 1552 1892; x_wconf 90' lang='lat' dir='ltr'><strong>sentientes,</strong></span> <span class='ocrx_word' id='word_1_333' title='bbox 1587 1847 1724 1894; x_wconf 91' lang='lat' dir='ltr'><strong>judicio</strong></span> <span class='ocrx_word' id='word_1_334' title='bbox 1750 1849 1884 1884; x_wconf 88' lang='lat' dir='ltr'><strong>consti-</strong></span> 
     </span>
     <span class='ocr_line' id='line_1_33' title="bbox 249 1905 1884 1954; baseline -0.001 -13"><span class='ocrx_word' id='word_1_335' title='bbox 249 1909 338 1950; x_wconf 87' lang='lat' dir='ltr'><strong>tuto,</strong></span> <span class='ocrx_word' id='word_1_336' title='bbox 362 1905 457 1952; x_wconf 91' lang='lat' dir='ltr'><strong>quod</strong></span> <span class='ocrx_word' id='word_1_337' title='bbox 472 1918 494 1941; x_wconf 89' lang='lat' dir='ltr'><strong>a</strong></span> <span class='ocrx_word' id='word_1_338' title='bbox 510 1907 626 1942; x_wconf 89' lang='lat' dir='ltr'><strong>Danai</strong></span> <span class='ocrx_word' id='word_1_339' title='bbox 650 1906 789 1942; x_wconf 86' lang='lat' dir='ltr'><strong>filiabus</strong></span> <span class='ocrx_word' id='word_1_340' title='bbox 814 1906 1162 1954; x_wconf 85' lang='lat' dir='ltr'><strong>undequinquaginta</strong></span> <span class='ocrx_word' id='word_1_341' title='bbox 1186 1907 1403 1942; x_wconf 86' lang='lat' dir='ltr'><strong>commissum</strong></span> <span class='ocrx_word' id='word_1_342' title='bbox 1419 1910 1515 1950; x_wconf 90' lang='lat' dir='ltr'><strong>erat,</strong></span> <span class='ocrx_word' id='word_1_343' title='bbox 1538 1905 1785 1942; x_wconf 88' lang='lat' dir='ltr'><strong>vindicandum</strong></span> <span class='ocrx_word' id='word_1_344' title='bbox 1802 1915 1884 1941; x_wconf 90' lang='lat' dir='ltr'><strong>esse</strong></span> 
     </span>
     <span class='ocr_line' id='line_1_34' title="bbox 249 1963 1883 2011; baseline -0.001 -13"><span class='ocrx_word' id='word_1_345' title='bbox 249 1964 560 2009; x_wconf 85' lang='lat' dir='ltr'><strong>existimaverunt,</strong></span> <span class='ocrx_word' id='word_1_346' title='bbox 597 1968 634 2000; x_wconf 89' lang='lat' dir='ltr'><strong>et</strong></span> <span class='ocrx_word' id='word_1_347' title='bbox 667 1966 737 2011; x_wconf 89' lang='lat' dir='ltr'><strong>ipsi</strong></span> <span class='ocrx_word' id='word_1_348' title='bbox 769 1964 817 1999; x_wconf 90' lang='lat' dir='ltr'><strong>dii</strong></span> <span class='ocrx_word' id='word_1_349' title='bbox 851 1964 920 1999; x_wconf 93' lang='lat' dir='ltr'><strong>hoc</strong></span> <span class='ocrx_word' id='word_1_350' title='bbox 948 1964 1122 2011; x_wconf 88' lang='lat' dir='ltr'><strong>judicium</strong></span> <span class='ocrx_word' id='word_1_351' title='bbox 1151 1967 1263 1998; x_wconf 89' lang='lat' dir='ltr'><strong>ratum</strong></span> <span class='ocrx_word' id='word_1_352' title='bbox 1288 1974 1369 1999; x_wconf 89' lang='lat' dir='ltr'><strong>esse</strong></span> <span class='ocrx_word' id='word_1_353' title='bbox 1393 1963 1600 2008; x_wconf 91' lang='lat' dir='ltr'><strong>voluerunt,</strong></span> <span class='ocrx_word' id='word_1_354' title='bbox 1638 1974 1787 2011; x_wconf 91' lang='lat' dir='ltr'><strong>poenam</strong></span> <span class='ocrx_word' id='word_1_355' title='bbox 1810 1963 1883 1998; x_wconf 86' lang='lat' dir='ltr'><strong>illis</strong></span> 
     </span>
     <span class='ocr_line' id='line_1_35' title="bbox 249 2019 1883 2069; baseline 0 -14"><span class='ocrx_word' id='word_1_356' title='bbox 249 2022 470 2068; x_wconf 86' lang='lat' dir='ltr'><strong>irrogantes,</strong></span> <span class='ocrx_word' id='word_1_357' title='bbox 511 2026 551 2056; x_wconf 95' lang='lat' dir='ltr'><strong>ut</strong></span> <span class='ocrx_word' id='word_1_358' title='bbox 575 2021 670 2069; x_wconf 87' lang='lat' dir='ltr'><strong>apud</strong></span> <span class='ocrx_word' id='word_1_359' title='bbox 694 2021 826 2057; x_wconf 87' lang='lat' dir='ltr'><strong>inferos</strong></span> <span class='ocrx_word' id='word_1_360' title='bbox 851 2021 976 2058; x_wconf 89' lang='lat' dir='ltr'><strong>cribris</strong></span> <span class='ocrx_word' id='word_1_361' title='bbox 1001 2033 1128 2069; x_wconf 86' lang='lat' dir='ltr'><strong>aquam</strong></span> <span class='ocrx_word' id='word_1_362' title='bbox 1151 2020 1347 2065; x_wconf 86' lang='lat' dir='ltr'><strong>haurirent,</strong></span> <span class='ocrx_word' id='word_1_363' title='bbox 1386 2032 1455 2068; x_wconf 90' lang='lat' dir='ltr'><strong>quo</strong></span> <span class='ocrx_word' id='word_1_364' title='bbox 1478 2032 1597 2057; x_wconf 88' lang='lat' dir='ltr'><strong>omnes</strong></span> <span class='ocrx_word' id='word_1_365' title='bbox 1623 2021 1791 2057; x_wconf 90' lang='lat' dir='ltr'><strong>mortales</strong></span> <span class='ocrx_word' id='word_1_366' title='bbox 1815 2019 1883 2056; x_wconf 86' lang='lat' dir='ltr'><strong>ad-</strong></span> 
     </span>
     <span class='ocr_line' id='line_1_36' title="bbox 249 2078 1884 2127; baseline 0.001 -15"><span class='ocrx_word' id='word_1_367' title='bbox 249 2083 487 2124; x_wconf 89' lang='lat' dir='ltr'><strong>monerentur,</strong></span> <span class='ocrx_word' id='word_1_368' title='bbox 518 2081 576 2127; x_wconf 90' lang='lat' dir='ltr'><strong>qui</strong></span> <span class='ocrx_word' id='word_1_369' title='bbox 601 2079 649 2115; x_wconf 87' lang='lat' dir='ltr'><strong>ad</strong></span> <span class='ocrx_word' id='word_1_370' title='bbox 672 2079 845 2116; x_wconf 89' lang='lat' dir='ltr'><strong>hominum</strong></span> <span class='ocrx_word' id='word_1_371' title='bbox 868 2081 1074 2116; x_wconf 89' lang='lat' dir='ltr'><strong>societatem</strong></span> <span class='ocrx_word' id='word_1_372' title='bbox 1097 2078 1337 2127; x_wconf 77' lang='lat' dir='ltr'><strong>adjuvandam</strong></span> <span class='ocrx_word' id='word_1_373' title='bbox 1360 2079 1445 2114; x_wconf 90' lang='lat' dir='ltr'><strong>nihil</strong></span> <span class='ocrx_word' id='word_1_374' title='bbox 1470 2079 1595 2124; x_wconf 88' lang='lat' dir='ltr'><strong>studii,</strong></span> <span class='ocrx_word' id='word_1_375' title='bbox 1628 2078 1716 2114; x_wconf 92' lang='lat' dir='ltr'><strong>nihil</strong></span> <span class='ocrx_word' id='word_1_376' title='bbox 1740 2089 1884 2127; x_wconf 86' lang='lat' dir='ltr'><strong>operae,</strong></span> 
     </span>
     <span class='ocr_line' id='line_1_37' title="bbox 249 2135 1885 2186; baseline 0.001 -15"><span class='ocrx_word' id='word_1_377' title='bbox 249 2135 336 2171; x_wconf 89' lang='lat' dir='ltr'><strong>nihil</strong></span> <span class='ocrx_word' id='word_1_378' title='bbox 361 2135 566 2173; x_wconf 83' lang='lat' dir='ltr'><strong>facultatum</strong></span> <span class='ocrx_word' id='word_1_379' title='bbox 587 2137 784 2182; x_wconf 88' lang='lat' dir='ltr'><strong>conferret,</strong></span> <span class='ocrx_word' id='word_1_380' title='bbox 816 2148 893 2173; x_wconf 89' lang='lat' dir='ltr'><strong>eum</strong></span> <span class='ocrx_word' id='word_1_381' title='bbox 916 2149 1027 2186; x_wconf 87' lang='lat' dir='ltr'><strong>agere</strong></span> <span class='ocrx_word' id='word_1_382' title='bbox 1059 2140 1168 2175; x_wconf 89' lang='lat' dir='ltr'><strong>vitam</strong></span> <span class='ocrx_word' id='word_1_383' title='bbox 1186 2139 1344 2173; x_wconf 72' lang='lat' dir='ltr'><strong>”inertem</strong></span> <span class='ocrx_word' id='word_1_384' title='bbox 1381 2142 1488 2184; x_wconf 90' lang='lat' dir='ltr'><strong>atque</strong></span> <span class='ocrx_word' id='word_1_385' title='bbox 1519 2137 1695 2182; x_wconf 80' lang='lat' dir='ltr'><strong>inutilem3</strong></span> <span class='ocrx_word' id='word_1_386' title='bbox 1737 2138 1885 2185; x_wconf 85' lang='lat' dir='ltr'><strong>Hyper-</strong></span> 
     </span>
     <span class='ocr_line' id='line_1_38' title="bbox 248 2195 1885 2246; baseline 0 -17"><span class='ocrx_word' id='word_1_387' title='bbox 248 2197 437 2230; x_wconf 87' lang='lat' dir='ltr'><strong>mnestram</strong></span> <span class='ocrx_word' id='word_1_388' title='bbox 462 2199 595 2241; x_wconf 88' lang='lat' dir='ltr'><strong>autem,</strong></span> <span class='ocrx_word' id='word_1_389' title='bbox 620 2207 711 2244; x_wconf 91' lang='lat' dir='ltr'><strong>quae</strong></span> <span class='ocrx_word' id='word_1_390' title='bbox 735 2198 857 2246; x_wconf 87' lang='lat' dir='ltr'><strong>sponsi</strong></span> <span class='ocrx_word' id='word_1_391' title='bbox 880 2198 978 2233; x_wconf 83' lang='lat' dir='ltr'><strong>vitae</strong></span> <span class='ocrx_word' id='word_1_392' title='bbox 1003 2200 1226 2246; x_wconf 88' lang='lat' dir='ltr'><strong>pepercerat,</strong></span> <span class='ocrx_word' id='word_1_393' title='bbox 1250 2207 1317 2233; x_wconf 90' lang='lat' dir='ltr'><strong>nec</strong></span> <span class='ocrx_word' id='word_1_394' title='bbox 1341 2208 1364 2232; x_wconf 87' lang='lat' dir='ltr'><strong>a</strong></span> <span class='ocrx_word' id='word_1_395' title='bbox 1385 2197 1603 2233; x_wconf 87' lang='lat' dir='ltr'><strong>matrimonio</strong></span> <span class='ocrx_word' id='word_1_396' title='bbox 1628 2195 1885 2239; x_wconf 88' lang='lat' dir='ltr'><strong>declinaverat,</strong></span> 
     </span>
     <span class='ocr_line' id='line_1_39' title="bbox 250 2254 1886 2304; baseline 0 -16"><span class='ocrx_word' id='word_1_397' title='bbox 250 2265 352 2301; x_wconf 91' lang='lat' dir='ltr'><strong>quum</strong></span> <span class='ocrx_word' id='word_1_398' title='bbox 373 2265 397 2289; x_wconf 92' lang='lat' dir='ltr'><strong>a</strong></span> <span class='ocrx_word' id='word_1_399' title='bbox 419 2257 524 2302; x_wconf 91' lang='lat' dir='ltr'><strong>patre</strong></span> <span class='ocrx_word' id='word_1_400' title='bbox 547 2260 717 2292; x_wconf 87' lang='lat' dir='ltr'><strong>accusata</strong></span> <span class='ocrx_word' id='word_1_401' title='bbox 749 2260 865 2301; x_wconf 88' lang='lat' dir='ltr'><strong>esset,</strong></span> <span class='ocrx_word' id='word_1_402' title='bbox 889 2256 968 2304; x_wconf 86' lang='lat' dir='ltr'><strong>ipsa</strong></span> <span class='ocrx_word' id='word_1_403' title='bbox 980 2257 1127 2293; x_wconf 91' lang='lat' dir='ltr'><strong>Venere</strong></span> <span class='ocrx_word' id='word_1_404' title='bbox 1150 2255 1219 2291; x_wconf 91' lang='lat' dir='ltr'><strong>dea</strong></span> <span class='ocrx_word' id='word_1_405' title='bbox 1233 2266 1310 2292; x_wconf 90' lang='lat' dir='ltr'><strong>eam</strong></span> <span class='ocrx_word' id='word_1_406' title='bbox 1325 2254 1550 2301; x_wconf 86' lang='lat' dir='ltr'><strong>defendente,</strong></span> <span class='ocrx_word' id='word_1_407' title='bbox 1573 2255 1723 2292; x_wconf 85' lang='lat' dir='ltr'><strong>sceleris</strong></span> <span class='ocrx_word' id='word_1_408' title='bbox 1743 2255 1886 2291; x_wconf 86' lang='lat' dir='ltr'><strong>crimine</strong></span> 
     </span>
     <span class='ocr_line' id='line_1_40' title="bbox 252 2310 1884 2363; baseline -0.001 -15"><span class='ocrx_word' id='word_1_409' title='bbox 252 2311 496 2350; x_wconf 88' lang='lat' dir='ltr'><strong>absolverunt.</strong></span> <span class='ocrx_word' id='word_1_410' title='bbox 569 2313 652 2350; x_wconf 87' lang='lat' dir='ltr'><strong>Hoc</strong></span> <span class='ocrx_word' id='word_1_411' title='bbox 681 2314 853 2360; x_wconf 87' lang='lat' dir='ltr'><strong>judicium</strong></span> <span class='ocrx_word' id='word_1_412' title='bbox 889 2318 926 2351; x_wconf 90' lang='lat' dir='ltr'><strong>et</strong></span> <span class='ocrx_word' id='word_1_413' title='bbox 962 2314 1009 2352; x_wconf 93' lang='lat' dir='ltr'><strong>de</strong></span> <span class='ocrx_word' id='word_1_414' title='bbox 1032 2310 1377 2363; x_wconf 84' lang='lat' dir='ltr'><strong>undequinquaginta</strong></span> <span class='ocrx_word' id='word_1_415' title='bbox 1412 2314 1551 2352; x_wconf 90' lang='lat' dir='ltr'><strong>filiabus</strong></span> <span class='ocrx_word' id='word_1_416' title='bbox 1593 2318 1630 2351; x_wconf 89' lang='lat' dir='ltr'><strong>et</strong></span> <span class='ocrx_word' id='word_1_417' title='bbox 1668 2313 1714 2348; x_wconf 90' lang='lat' dir='ltr'><strong>de</strong></span> <span class='ocrx_word' id='word_1_418' title='bbox 1737 2313 1884 2360; x_wconf 81' lang='lat' dir='ltr'><strong>Hyper-</strong></span> 
     </span>
    </p>
   </div>
  </div>
 </body>
</html>
