2118 2591
175 704 240 762 J
239 734 344 759 ussus
360 722 585 760 conscribere
606 722 750 771 aliquid,
771 734 841 771 quo
855 721 1070 760 autumnalia
1084 719 1233 758 subolae
1245 724 1390 757 nostrae
1407 718 1579 756 solemnia
1597 716 1801 762 indices-ea,

176 779 369 830 Supplices
382 780 430 817 ad
445 780 515 817 hoc
531 791 669 817 sumere
679 783 831 818 animum
849 780 991 826 induxi,
1015 783 1053 816 et
1067 782 1107 816 ιιι
1117 789 1215 825 0³³¹,
1238 790 1340 826 quan
1354 777 1445 814 alias
1459 777 1694 820 institueram
1716 784 1801 823 per&

174 849 344 886 sequerer
371 837 625 877 commentandi
648 839 836 884 rationem,
859 840 929 875 tria
951 837 1034 875 mihi
1055 838 1242 886 proposui:
1265 840 1304 872 ut
1319 845 1538 884 quaererem,
1562 840 1668 886 que!
1684 831 1802 869 locum

144 913 153 917 -ή
174 896 266 932 haec
290 894 479 942 tragoedia
501 895 539 930 in
564 894 709 943 trilogia
734 896 960 943 obtinuisset,
999 900 1039 931 ιιι
1061 895 1295 944 explicarem,
1333 893 1417 942 quid
1439 896 1566 942 poeta,
1597 901 1702 939 quun
1723 900 1803 926 earn

174 952 224 989 ad
259 963 400 989 scenam
431 957 673 1002 componeret,
715 955 938 1002 cogitatione,
960 965 1006 991 ac
1036 957 1155 1006 mente
1184 953 1393 1003 complexus
1423 961 1506 988 esse
1528 947 1730 995 vm,
1760 950 1803 988 ut

174 1014 363 1058 tentarem,
387 1012 419 1048 si
440 1010 525 1059 quid
537 1011 664 1048 auxilii
686 1012 778 1049 locis
801 1011 1007 1061 quibusdam
1023 1012 1184 1051 obscuris
1208 1015 1271 1048 aut:
1293 1011 1468 1059 corruptis
1486 1007 1620 1046 adferri
1634 1010 1767 1055 posset.

270 1069 330 1105 Ac
353 1070 497 1116 primum
521 1068 677 1117 quidem,
710 1082 811 1117 quum
834 1070 1073 1118 tragoediam,
1099 1072 1140 1107 in
1161 1082 1264 1119 quam
1287 1070 1506 1117 inquirimus,
1530 1066 1676 1102 adtente
1697 1064 1803 1112 lego-

175 1138 269 1172 mus,
293 1125 463 1173 quaedam
483 1137 506 1162 a
521 1131 630 1175 poeta
649 1128 699 1163 ita
714 1132 904 1165 memorata
928 1140 1011 1166 esse
1033 1129 1269 1173 inveniemus,
1293 1131 1350 1173 ut,
1374 1127 1443 1162 nisi
1461 1128 1705 1172 antegressum
1719 1132 1803 1159 esse

175 1183 310 1231 aliquid
341 1183 562 1228 arbitremur,
602 1184 651 1220 ad
674 1184 769 1232 quod
792 1186 1007 1232 referantur,
1043 1197 1088 1223 ea
1112 1178 1245 1222 temere
1268 1184 1368 1222 dicta
1389 1194 1457 1221 nec
1478 1183 1562 1219 loco
1585 1192 1651 1217 suo
1684 1181 1804 1228 posita

174 1251 259 1277 esse
282 1237 482 1278 videantur.
532 1241 644 1288 Nam,
668 1245 707 1278 ut
731 1242 786 1279 his
809 1242 914 1280 modo
938 1247 1018 1280 utar
1041 1243 1232 1292 exemplis,
1270 1242 1388 1280 Danai
1409 1241 1521 1286 filiae,
1545 1249 1636 1287 quae
1651 1236 1802 1286 periculi

174 1300 338 1335 instantis
360 1303 454 1335 metu
477 1299 665 1347 perculsae
697 1313 753 1337 vv.
774 1301 954 1342 ¹722—ae
984 1302 1031 1339 de
1054 1299 1262 1350 patruelium
1285 1301 1491 1344 enceinte,
1522 1297 1744 1346 procacitate
1764 1298 1803 1332 et

177 1355 335 1393 bellandi
359 1355 552 1405 cupiditate
574 1357 764 1394 insatiabili
787 1368 865 1395 cum
885 1362 986 1407 patre
1009 1358 1330 1406 conquerebantur,
1355 1356 1587 1394 addiderunt:
1619 1355 1706 1398 λέγω
1726 1350 1802 1397 vebs

176 1408 286 1448 ειδετα.
304 1415 344 1458 1)
392 1415 480 1450 nem
503 1416 581 1462 ipse
603 1415 768 1461 Danaus,
798 1416 847 1453 ad
870 1416 964 1454 fin„
984 1416 1161 1462 referens,
1195 1416 1280 1463 quid
1302 1416 1415 1463 Argis
1439 1415 1638 1460 effecisset,
1661 1408 1803 1447 mm

177 1492 222 1498 -
243 1469 290 1507 62
313 1470 384 1508 hoc
405 1473 555 1508 maxime
578 1471 720 1520 adtigit,
742 1473 923 1521 Argivos,
947 1474 1007 1519 nbi
1030 1484 1079 1511 ex
1102 1484 1144 1511 se
1168 1473 1408 1518 audivissent,
1431 1481 1523 1519 quae
1542 1480 1602 1506 res
1622 1470 1710 1518 ipsis
1724 1479 1803 1504 cum

177 1529 299 1566 fratris
322 1531 377 1566 sui
400 1529 483 1566 filiis
505 1531 806 1578 intercessissent,
843 1533 898 1569 ira
931 1532 1043 1570 fuisse
1078 1535 1270 1569 commotos
1305 1532 1361 1565 καί
1386 1542 1445 1574 μου
1469 1527 1513 1564 τοὶ
1536 1528 1592 1572 μὲν
1614 1527 1801 1572 πραχθέντ’

173 1585 247 1633 πρὸς
270 1584 346 1625 τούς
370 1588 491 1625 ἐκτενεῖς
515 1589 626 1634 φίλους
649 1588 757 1637 πικρῶς
780 1584 912 1628 ἤκουσαν
934 1590 1148 1633 αὐτανεψίους.
1204 1590 1362 1637 Uterque
1386 1588 1488 1625 locus
1512 1585 1596 1634 quid
1619 1585 1687 1624 sibi
1710 1583 1804 1621 velit

172 1646 209 1679 in
233 1644 371 1692 fabula,
407 1648 488 1695 quia
510 1645 640 1683 nullius
661 1648 715 1684 rei
737 1659 880 1696 usquam
902 1648 1031 1685 mentio
1054 1647 1110 1693 fit,
1143 1658 1193 1684 ex
1216 1659 1286 1695 qua
1308 1645 1346 1682 id
1370 1646 1560 1695 adpareat,
1585 1655 1657 1680 non
1679 1643 1802 1690 liquet,

172 1714 240 1740 nec
273 1706 429 1750 omnino,
476 1717 567 1753 quae
604 1705 695 1743 haec
731 1706 844 1757 facta,
879 1706 926 1744 de
948 1707 1071 1755 quibus
1094 1706 1248 1754 loquitur
1270 1708 1395 1754 poeta,
1435 1703 1581 1748 fuerint,
1625 1701 1803 1752 suspicari

174 1773 370 1809 possumus.
437 1763 532 1799 Nam
573 1763 656 1800 loco
695 1766 882 1812 posteriori
917 1776 985 1801 non
1019 1764 1138 1812 fugam
1171 1763 1371 1800 Danaidum
1415 1773 1482 1799 nec
1524 1763 1689 1809 impetum
1723 1760 1804 1796 Ae-

173 1822 277 1869 gypti
301 1820 468 1867 filiorum,
504 1820 589 1858 illas
625 1822 883 1868 insectantium,
921 1826 959 1859 ιιι
981 1824 1021 1860 vi
1042 1825 1212 1871 caperent
1239 1825 1433 1871 captasque
1463 1829 1597 1857 uxores
1621 1817 1805 1863 ducerent,

175 1878 385 1925 significari,
409 1879 448 1916 id
472 1890 520 1915 ex
545 1890 590 1916 eo
614 1884 670 1915 est
693 1882 930 1929 perspicuum,
954 1881 1049 1928 quod
1070 1882 1221 1928 Argivi,
1246 1881 1314 1916 iam
1338 1884 1445 1915 antea
1468 1878 1514 1915 ab
1536 1880 1693 1926 ipsorum
1717 1881 1806 1925 1888
1858 1919 1860 1921 ,
1881 1866 1928 1879 μ

174 1935 312 1981 edocti,
342 1946 563 1983 caussarum,
599 1948 663 1975 cur
691 1937 778 1975 illae
798 1937 1007 1987 Argolicam
1042 1935 1172 1975 terram
1205 1937 1293 1987 fuga
1326 1937 1556 1986 petivissent,
1596 1947 1668 1972 non
1691 1934 1805 1983 ignm

171 1993 333 2040 fuerunt,
373 1998 410 2032 et
440 2005 500 2032 res
532 1996 629 2045 ipsa,
666 1996 734 2033 nisi
757 1995 953 2045 adjunctis,
994 2008 1085 2045 quae
1117 1995 1235 2034 odium
1255 1998 1292 2033 in
1315 1996 1480 2044 Aegypti
1501 1994 1596 2032 filios
1619 1994 1808 2045 sunm-t,

176 2055 249 2089 tam
272 2042 382 2089 foeda
405 2064 476 2090 non
498 2050 585 2100 fuit,
608 2057 647 2089 ut
668 2055 704 2089 in
728 2055 848 2091 animis
871 2055 1107 2103 Argivorum,
1142 2054 1317 2091 hominum
1340 2055 1503 2102 gravium
1526 2058 1631 2100 atque
1653 2050 1808 2098 fofflun,
1878 2068 1885 2077 ·

176 2113 309 2148 tantum
331 2111 582 2164 indignationis
606 2114 785 2151 concitare
807 2118 941 2163 posset.
990 2113 1085 2173 Quid
1106 2113 1245 2163 quidem
1258 2112 1439 2162 Pelasgus
1452 2122 1538 2157 rex,
1560 2110 1672 2150 totiu
1687 2110 1810 2160 ‘ntis

174 2166 362 2236 personam
385 2176 535 2224 gerens,
577 2169 623 2207 de
646 2182 691 2208 ea
714 2174 884 2226 senserit,
921 2171 960 2208 id
983 2176 1021 2210 et
1044 2176 1145 2223 patet
1168 2184 1218 2209 ex
1239 2185 1273 2209 v.
1285 2170 1378 2217 330,
1413 2171 1472 2208 nbi
1494 2167 1681 2213 Dnnndns
1695 2171 1811 2215 α’-
