2118 2591
227 194 235 197 “
293 189 508 237 revocatur,
537 197 639 232 quum
652 184 795 222 Chorus
819 184 1007 233 praeconis
1015 184 1192 252 Aegyptii
1215 185 1317 220 minis
1338 184 1547 251 perterritus
1582 195 1615 221 v.
1627 183 1700 220 86⁷
1734 182 1930 220 exclamet.

292 242 363 277 Μσῐ
384 239 437 276 Γαῖ
456 254 506 286 μα
529 240 580 287 ’γοῖ
603 246 642 279 et
664 255 698 279 v.
712 242 784 278 869
807 243 916 279 Jovis
940 252 1044 290 opem
1069 243 1243 280 invocans
1266 243 1318 278 ita
1342 241 1456 280 dicat·
1477 233 1528 275 Ὠ
1552 239 1605 279 βᾶ
1627 241 1690 279 Γσῖς
1714 244 1776 275 παῖ
1794 240 1886 277 Zeu?

383 299 449 337 Sic
475 300 552 348 quis
577 300 782 344 arbitretur,
808 298 958 336 concedi
983 299 1122 347 quidem
1145 311 1271 350 posse,
1296 299 1518 349 Aeschylum
1543 298 1589 335 de
1613 298 1761 347 mythis,
1798 300 1858 348 qui
1882 298 1929 335 de

290 357 342 394 Jo
376 362 414 393 et
450 358 671 394 Danaidibus
705 357 873 402 fuissent,
915 359 969 393 sic
993 361 1168 402 sensisse,
1202 358 1309 405 idque
1340 355 1595 406 quodammodo
1645 367 1694 392 ex
1725 356 1818 393 locis
1854 357 1928 393 illis

293 415 461 452 concludi
488 426 617 464 posse,
641 414 707 451 sed
730 414 813 451 inde
836 415 990 451 nondum
1015 427 1096 453 esse
1121 416 1299 460 effectum,
1324 426 1420 462 eum,
1445 414 1729 465 quemadmodum
1746 414 1928 461 dixissem,

293 475 347 509 sic
373 473 419 509 de
443 473 676 521 religionibus
701 474 944 519 existimasse,
969 475 1032 510 vel
1055 474 1148 510 hunc
1170 473 1295 508 librum
1319 475 1578 522 composuisse,
1610 476 1666 518 ut,
1690 471 1774 520 quid
1798 472 1928 509 discri-

291 532 395 566 minis
421 535 520 567 esset
543 533 634 566 inter
657 530 867 578 religionem
890 542 1056 579 graecam
1080 535 1118 567 et
1140 530 1333 579 religiones
1365 531 1512 568 aliorum
1543 528 1768 581 populorum,
1804 533 1929 566 osten-

292 588 412 633 deret,
453 590 487 624 ei
511 587 585 624 alia
617 593 842 637 argumenta,
880 600 970 637 quae
1004 590 1056 625 rei
1088 588 1216 625 dubiae
1247 588 1352 625 fidem
1375 589 1525 635 faciant,
1564 600 1613 626 ex
1636 590 1716 638 ipsa
1740 587 1929 636 tragoedia

292 650 418 682 nostra
444 650 570 689 sumta.
582 659 783 696 proponere
806 659 876 683 non
901 651 957 684 est
981 646 1137 683 difficile.
1183 647 1246 683 Ex
1271 648 1316 683 iis
1340 659 1461 692 unum,
1497 647 1591 695 quod
1615 647 1798 696 plurimum
1820 646 1929 683 habet

293 704 482 753 ponderiS,
520 709 557 741 et
581 706 675 754 quod
699 706 848 741 maxime
871 705 1036 750 idoneum,
1060 704 1158 742 duco'
1178 705 1222 740 ad
1249 705 1306 749 id,
1343 704 1438 753 quod
1461 706 1498 740 in
1520 706 1727 753 quaestione
1750 709 1929 751 versatur,

292 763 610 812 comprobandum,
645 762 813 799 adferam.
875 762 1012 811 Cuique
1037 764 1144 807 enim,
1184 765 1240 811 qui
1267 762 1460 812 Supplices
1486 762 1610 811 kleget,
1647 764 1768 809 mirum
1797 762 1927 799 videa-

290 826 369 866 tur,
407 821 489 869 quid
526 832 677 857 caussae
710 821 833 866 suerit,
874 833 938 857 cur
964 821 1172 869 Aeschylus
1204 823 1446 868 migrationem
1475 822 1598 866 Jonis,
1639 832 1741 869 quam
1770 822 1807 856 in
1831 820 1926 856 Pro-

287 879 430 915 metheo
455 880 589 916 Vincto
614 883 685 916 tam
720 882 888 915 accurate
918 890 961 915 ac
995 881 1142 928 copiose
1175 878 1432 928 descripserat,
1467 881 1502 915 in
1540 879 1609 916 hac
1644 878 1785 923 fabula,
1826 878 1927 915 nulla

287 939 504 974 necessitate
542 943 710 986 urgente,
747 950 802 974 vv.
829 937 1014 974 530—65
1052 940 1176 974 iterum
1207 938 1333 974 eodem
1370 938 1446 975 fere
1480 938 1604 984 modo,
1638 938 1758 975 verbis
1794 941 1926 974 tantum

286 998 449 1042 mutatis,
489 1001 661 1032 narraret.
727 995 901 1044 Cogitate
925 1008 994 1032 non
1019 1008 1223 1045 possumus,
1256 1008 1351 1047 eum,
1382 998 1439 1044 qui
1462 998 1592 1044 ingenii
1619 996 1781 1033 ubertate
1805 1007 1925 1032 omnes

286 1056 533 1102 superaverit,
571 1054 719 1091 eandem
755 1066 828 1090 rem
859 1055 1088 1102 repetivisse,
1126 1058 1165 1089 ut
1187 1054 1353 1099 haberet,
1394 1066 1463 1101 quo
1487 1054 1621 1102 aliquid
1645 1056 1750 1102 spatii
1775 1054 1925 1102 explere

286 1116 412 1162 posset
420 1127 430 1158 3
469 1113 589 1160 itaque
625 1112 723 1147 aliud
764 1112 928 1160 quiddam
958 1112 1193 1159 quaerendum
1226 1122 1307 1148 esse
1338 1111 1501 1157 videtur,
1542 1123 1611 1160 quo
1651 1111 1821 1160 impulsus
1851 1112 1922 1148 hoc

285 1170 420 1206 fecisse
445 1171 493 1205 sit
518 1169 706 1218 putandus.
754 1170 799 1206 Id
824 1175 939 1206 autem
976 1169 1071 1217 quod
1103 1174 1164 1205 aut
1188 1169 1293 1217 quale
1318 1169 1440 1215 fuerit,
1478 1176 1555 1205 non
1584 1169 1673 1205 latet
1703 1171 1739 1204 in
1770 1168 1925 1206 occulto.

286 1229 364 1264 Vix
389 1229 480 1262 enim
505 1227 658 1263 dubitari
683 1232 822 1275 potest,
860 1229 940 1274 quin
973 1231 1081 1276 poeta
1111 1231 1333 1275 spectatores
1357 1238 1500 1264 monere
1526 1227 1700 1272 voluerit,
1740 1230 1922 1274 utramque

285 1285 442 1322 fabulam
466 1287 689 1337 cognationis
714 1285 860 1321 vinculo
885 1287 1082 1322 arctissimo
1107 1286 1199 1320 inter
1231 1296 1272 1320 se
1292 1286 1484 1330 contineri,
1519 1295 1587 1320 nec
1620 1284 1727 1333 plane
1761 1284 1805 1321 ab
1834 1286 1923 1332 ipsis

285 1344 436 1391 intelligi
470 1355 595 1392 posse,
635 1355 704 1391 quo
730 1343 923 1391 Supplices
947 1344 1153 1387 tenderent,
1190 1343 1274 1386 nisi,
1313 1353 1403 1389 quae
1425 1344 1461 1377 in
1490 1342 1703 1378 Prometheo
1727 1346 1922 1391 praecepta

287 1407 425 1447 essent,
461 1404 627 1438 memoria
652 1401 981 1451 complecterentur.
1032 1400 1137 1446 Quod
1161 1402 1192 1436 si
1216 1404 1390 1446 tenemus,
1425 1400 1535 1437 facile
1559 1400 1661 1437 nobis
1685 1400 1920 1449 persuadebi-

284 1473 379 1504 mus,
405 1461 646 1508 Aeschylum,
672 1472 774 1507 quum
793 1460 859 1495 has
882 1459 1089 1506 tragoedias
1113 1459 1299 1504 scriberet,
1324 1459 1361 1494 id
1376 1460 1525 1494 maxime
1542 1470 1661 1494 secum
1681 1460 1919 1505 constituisse,

285 1522 324 1554 ut
339 1517 615 1563 demonstraret,
640 1521 804 1565 quantum
819 1528 863 1553 ea
878 1517 1059 1565 religionis
1083 1518 1185 1561 ratio,
1210 1528 1310 1565 quam
1320 1517 1452 1553 Graeci
1475 1520 1714 1565 sequerentur,
1738 1516 1802 1562 illi,
1828 1528 1919 1565 quae

283 1579 319 1612 in
340 1577 545 1612 civitatibus
554 1577 728 1612 Asiaticis
754 1575 1003 1612 velAfricanis
1017 1575 1268 1620 dominaretur,
1294 1579 1330 1611 et
1344 1586 1435 1623 quae
1454 1580 1603 1611 naturae
1618 1575 1766 1622 ejusque
1783 1575 1918 1611 viribus

284 1646 403 1670 curam
427 1645 471 1670 ac
496 1636 742 1670 caerim0niam
767 1633 941 1678 adferret,
966 1635 1094 1681 quovis
1119 1632 1225 1669 modo
1249 1637 1460 1680 praestaret,
1508 1633 1557 1669 Ut
1582 1634 1689 1680 igitur
1713 1634 1747 1668 in
1768 1633 1918 1670 Prome-

283 1693 366 1728 theo
391 1692 533 1740 planum
556 1692 710 1736 fecerat,
735 1703 865 1728 novum
889 1691 1034 1727 deorum
1058 1702 1171 1739 genus
1196 1691 1288 1727 duce
1302 1691 1403 1727 Jove
1419 1691 1660 1739 Fulguratore
1682 1690 1790 1739 longe
1815 1695 1917 1728 ante-

286 1751 420 1786 cellere
454 1752 573 1798 prisco
604 1750 747 1798 opibus,
784 1749 1038 1796 intelligentia,
1078 1749 1289 1793 concordia,
1330 1750 1383 1784 sic
1407 1751 1443 1784 in
1467 1748 1696 1797 Supplicibus
1721 1749 1845 1795 docet,
1881 1751 1918 1784 in

285 1807 471 1855 disciplina
511 1818 645 1856 graeca
685 1807 794 1844 multo
829 1809 993 1844 maiorem
1028 1808 1147 1844 inesse
1178 1808 1250 1844 vim
1274 1806 1321 1843 ad
1345 1809 1453 1844 vitam
1486 1807 1658 1844 hominum
1690 1807 1917 1852 formandam,

283 1866 544 1912 temperandam
570 1870 607 1902 et
627 1868 754 1914 optime
779 1866 1035 1902 instituendam.
1083 1866 1204 1912 Atque
1228 1869 1266 1900 ut
1289 1866 1358 1900 hoc
1384 1866 1569 1914 probaret,
1594 1878 1664 1901 non
1680 1866 1916 1910 fundamenta,

283 1923 409 1971 quibus
433 1923 652 1964 alterautra
676 1924 803 1972 religio
828 1926 1021 1960 constituta
1046 1927 1162 1968 esset,
1200 1924 1291 1959 inter
1315 1935 1355 1960 se
1380 1926 1616 1973 comparavit,
1642 1924 1725 1970 sed,
1756 1924 1795 1960 id
1821 1923 1916 1972 quod

282 1982 392 2017 multo
418 1984 534 2030 aptius
559 1988 637 2018 erat
661 1983 709 2017 ad
733 1983 837 2017 fidem
861 1982 1061 2018 faciendam
1086 1986 1122 2017 et
1145 1985 1285 2029 poetam
1309 1982 1417 2018 multo
1441 1985 1553 2031 magis
1578 1983 1749 2027 decebat,
1770 1984 1915 2030 ¹incom-

282 2039 404 2085 moda,
444 2050 536 2087 quae
569 2050 616 2075 ex
650 2039 715 2075 illa
749 2039 941 2087 religione,
983 2050 1073 2087 quae
1096 2040 1132 2074 in
1155 2038 1339 2089 adoranda
1369 2044 1495 2077 natura
1533 2045 1647 2087 esset,
1683 2042 1720 2077 in
1743 2039 1915 2077 hominum

282 2099 393 2135 vitam
412 2093 670 2144 redundarent,
708 2100 743 2134 in
768 2098 987 2147 popularium
1011 2110 1151 2135 suorum
1172 2103 1363 2148 conspectu
1385 2101 1512 2149 posuit.
1562 2100 1668 2146 Quod
1693 2101 1829 2137 omnino
1868 2099 1915 2136 de

280 2157 351 2192 hac
374 2168 415 2192 re
440 2159 632 2203 cogitavit,
657 2157 696 2193 id
719 2157 774 2192 his
799 2156 921 2193 verbis
946 2156 1195 2205 comprehendi
1218 2162 1352 2206 potest·
1377 2159 1505 2195 Prisca
1522 2159 1650 2207 religio
1673 2162 1709 2195 et
1726 2170 1789 2205 ea,
1813 2170 1915 2207 qnam

280 2215 417 2264 plurimi
433 2215 691 2272 populorum,
681 2229 717 2252 ιιι
734 2217 881 2253 orientis
898 2215 1056 2265 partibus
1080 2214 1324 2263 habitantium,
1348 2215 1574 2266 profitentur,
1597 2219 1749 2267 greges:
1745 2217 1914 2261 deterior,

280 2274 441 2320 videtur,
470 2275 632 2322 quoniam
655 2277 690 2309 in
716 2275 893 2327 duplicem
917 2286 1073 2311 errorem
1094 2276 1188 2323 rapit
