2118 2591
969 73 996 124 5

168 193 228 238 die
251 210 386 249 poenas
422 197 568 235 daturos
599 207 682 234 esse
713 194 810 232 dicat
840 196 967 241 Θάρσει·
1005 195 1104 241 χρόνῳ
1129 207 1177 229 τοι
1200 196 1289 239 κυρίῳ
1305 193 1364 227 τ’ἔν
1385 193 1483 242 ἡμέρᾳ
1498 191 1591 232 θεοὺς
1614 185 1796 239 ἀτίζων·τις

168 256 288 304 βροτῶν
311 251 397 291 διέσει
419 252 509 295 δίκην.
569 256 686 293 Porro
719 254 834 291 altera
866 253 965 290 chori
998 265 1083 301 pars
1106 265 1139 289 v.
1157 251 1228 288 ⁷65
1253 252 1428 299 queritur,
1462 252 1555 288 hunc
1578 262 1661 288 esse
1684 262 1799 288 rerum

167 317 317 360 statum,
345 318 385 351 nt
399 315 624 363 ‘malunripsi
646 314 824 349 imminens
847 323 918 348 non
940 311 1088 358 amplius
1113 311 1221 358 effugi
1245 311 1361 358 possit
1385 304 1554 354 ἄμφυκτον
1575 304 1599 342 δ’
1615 309 1671 342 οὐκ
1695 307 1737 343 ir·
1764 305 1800 342 ἄν

170 374 259 407 πέλοι
287 374 368 419 κέαρ.
440 372 670 409 Luculentius
694 371 798 407 etiam
828 381 885 407 ev.
907 367 1003 405 1032
1019 390 1064 396 —-
1079 367 1126 404 35
1164 367 1256 404 idem
1291 367 1458 405 admonet
1481 365 1739 403 Hemichorimn
1761 365 1802 405 θ’

170 431 393 468 exclamans:
427 426 446 465 ὃ
469 432 503 464 τί
521 442 568 463 τοι
590 425 736 473 μόρσιμόν
759 428 836 468 ἐςιν,
859 423 896 461 τὸ
920 427 1028 467 ’γένοιτ’
1050 419 1099 462 οἷν.
1149 424 1215 463 Διὲς
1236 425 1270 459 oti
1295 423 1462 471 ποίςβιπός
1485 425 1545 459 few
1568 422 1702 468 μεγάλα.
1724 421 1803 469 φρὴν

173 488 340 536 ἀπέρατος.
390 489 484 534 Quis,
504 492 578 533 est,
609 488 667 535 qui
688 487 841 531 nesciat,
878 483 1053 532 ejusmodi
1075 483 1179 519 locos
1203 495 1226 519 a
1248 486 1363 532 poetis
1387 485 1424 520 in
1447 483 1647 519 fabularum
1669 482 1803 530 princi-

171 549 239 596 piis
260 548 372 583 intexi
389 546 525 592 solere,
549 549 589 581 ut
602 547 645 590 ii,
670 545 727 592 qui
751 542 938 593 spectandi
962 553 1073 579 causa
1096 541 1241 587 adsunt,
1265 554 1426 589 quorsum
1439 553 1500 578 res
1517 551 1697 579 evasurae
1721 541 1803 584 sint,

170 605 415 653 praedi-cant,
455 608 492 639 et
522 605 622 651 quasi
655 613 718 650 per
743 601 932 638 involucra
955 604 1061 647 atque
1086 601 1321 646 integumenta
1343 599 1584 647 perspiciant?
1632 598 1802 641 Accedit,

170 662 266 711 quod
288 661 494 710 Aechylus,
519 662 577 709 qni
600 662 637 696 in
659 659 814 707 trilogiis
843 662 963 695 ternas
986 656 1128 694 fabulas
1150 658 1201 693 ita
1225 658 1443 705 conjungere
1467 659 1724 701 consueverat,
1763 658 1803 691 ut

170 720 243 756 alia
267 730 315 755 ex
337 720 410 755 alia
432 730 528 755 nexa
552 722 589 755 et
613 728 732 754 omnes
762 719 853 753 inter
887 727 928 752 se
963 719 1069 764 aptae
1102 715 1364 763 colligataeque
1393 719 1532 760 essent,
1572 717 1608 750 in
1642 718 1802 750 extrema

171 779 296 826 quavis
321 776 563 821 antecedenti,
597 776 745 823 quaein
770 785 833 819 ea,
870 784 961 821 quae
984 774 1144 821 proxime
1178 772 1405 819 succederet,
1441 777 1650 821 agerentur,
1692 773 1801 807 certis

170 834 375 883 quibusdam
407 834 544 870 indiciis
585 833 801 881 significavit
825 833 876 877 ⁹).
940 832 1065 880 Itaque
1097 843 1200 880 quum
1231 832 1267 867 in
1298 831 1528 880 supplicibus
1568 840 1721 879 praeco,
1757 828 1803 865 ab

172 893 335 940 Aegypti
358 892 440 928 filiis
463 893 608 936 missus,
633 893 690 938 qui
714 902 835 927 eorum
858 892 997 927 nomine
1008 889 1208 935 Danaides,
1233 892 1269 925 in
1291 902 1378 937 quas
1395 890 1526 926 nullam
1537 890 1670 937 Argivi
1688 887 1802 924 habe-

170 954 250 987 rent
272 953 500 999 potestatem,
523 953 748 998 reposceret,
773 960 852 985 cum
867 949 1103 996 Pelasgorum
1126 959 1232 997 rege,
1257 950 1314 996 qni
1338 959 1379 984 se
1402 948 1485 984 illas
1503 949 1634 984 invitas
1654 958 1804 994 unquam

172 1008 370 1045 dediturum
402 1019 485 1045 esse
515 1012 641 1056 negat,
679 1009 730 1044 ita
761 1007 972 1052 altercatur,
1003 1011 1043 1043 ut
1075 1008 1153 1043 sine
1184 1008 1289 1043 armis
1322 1018 1382 1043 res
1415 1007 1577 1055 componi
1600 1017 1671 1041 non
1695 1014 1806 1053 posse

170 1066 353 1110 videatur,
393 1068 470 1113 quis
494 1078 565 1101 non
589 1065 776 1113 intelligit,
812 1066 905 1101 hunc
930 1069 1039 1101 totum
1062 1065 1180 1101 locum
1204 1077 1227 1100 a
1252 1069 1361 1113 poeta
1385 1075 1467 1101 esse
1502 1068 1727 1112 usurpatum,
1765 1066 1806 1098 ιιι

171 1126 409 1172 spectatorum
434 1124 535 1159 animi
549 1122 597 1158 ad
621 1126 816 1168 certamen,
841 1122 935 1170 quod
958 1123 1125 1168 instaret,
1150 1127 1187 1158 et
1209 1122 1256 1158 ad
1280 1122 1336 1167 id,
1361 1118 1456 1170 qnod
1480 1120 1563 1157 inde
1587 1123 1805 1169 sequeretur,

171 1179 306 1216 adtenti
343 1185 564 1226 tenerentur,
608 1180 778 1228 simulque
813 1184 968 1228 tempus,
1008 1181 1102 1228 quod
1135 1182 1188 1216 rei
1228 1184 1434 1217 momentum
1472 1180 1626 1224 faceret,
1658 1180 1805 1227 propius

173 1236 454 1274 admoveretur?
503 1238 548 1274 Id
571 1248 690 1273 secum
713 1241 880 1286 reputans
903 1248 1004 1273 nemo
1034 1238 1197 1286 profecto
1219 1240 1315 1282 perit,
1355 1239 1413 1284 qui
1436 1237 1607 1283 fabulam,
1644 1247 1737 1284 quae
1766 1239 1806 1272 et

177 1297 319 1334 actione
342 1300 379 1333 et
402 1297 442 1333 vi
465 1297 603 1344 tragica
626 1299 765 1341 careat,
797 1299 834 1332 et
856 1297 1009 1342 nonnisi,
1048 1308 1139 1344 qnae
1162 1296 1280 1333 futura
1304 1297 1410 1341 sint,-
1430 1295 1578 1341 doceat,
1614 1296 1707 1332 inter
1729 1297 1805 1332 tres

172 1354 321 1390 mediam
349 1364 494 1401 eamque
526 1355 751 1402 praecipuam
774 1353 886 1389 fuisse
913 1358 1022 1401 putet.

265 1412 463 1448 Praeterea
485 1411 551 1447 fati
575 1413 709 1448 invicta
731 1414 946 1457 necessitas,
971 1423 1077 1460 quae,
1102 1416 1141 1448 ut
1159 1413 1196 1448 in
1209 1412 1365 1449 omnibus
1383 1413 1554 1460 antiquis,
1579 1413 1634 1448 sic
1655 1412 1808 1447 maxime

171 1471 208 1504 in
231 1469 408 1516 Aeschyli
433 1470 627 1517 tragoediis
652 1470 865 1515 dominatur,
903 1473 939 1505 in
963 1471 1191 1518 Supplicibus
1224 1472 1276 1506 ita
1310 1462 1470 1515 exsistit,
1508 1475 1548 1506 ut
1582 1481 1672 1514 non,
1713 1468 1809 1516 quod

175 1537 296 1563 secum
309 1529 505 1572 constituit,
530 1529 696 1576 exsequi,
720 1527 787 1564 sed
810 1527 905 1575 quod
929 1527 1006 1565 fieri
1029 1528 1127 1573 vult,
1152 1532 1291 1564 struere
1314 1527 1489 1565 videatur.
1539 1527 1659 1571 Quare
1670 1527 1809 1563 Danai-

172 1585 253 1621 dum
276 1585 424 1630 chorus,
450 1587 621 1633 expositis
646 1588 800 1630 caussis,
825 1597 889 1622 cur
912 1587 948 1622 in
963 1586 1171 1633 Argolicam
1193 1592 1321 1622 terram
1346 1586 1550 1630 advenerit,
1575 1585 1692 1621 subito
1717 1596 1808 1632 quo-

172 1642 254 1678 dam
275 1647 388 1689 metu,
423 1654 470 1680 ne
493 1647 638 1692 propter
663 1643 782 1691 fugam
806 1644 850 1680 ab
877 1644 1048 1692 Aegypto
1072 1644 1107 1679 in
1131 1654 1247 1680 novas
1269 1643 1402 1679 incidat
1426 1642 1667 1688 calamitates,
1705 1653 1807 1679 com-

173 1705 353 1746 movetur,
389 1713 456 1737 nec
488 1702 672 1749 quidquam
710 1702 835 1738 auxilii
865 1714 1010 1750 usquam
1032 1701 1149 1746 videt,
1186 1703 1253 1737 nisi
1278 1701 1326 1738 dii
1357 1703 1500 1750 generis
1524 1705 1670 1738 autores
1703 1712 1808 1749 opem

172 1758 297 1795 ferant.
344 1759 410 1796 Sic
434 1761 524 1795 enim
539 1759 746 1808 Aeschylus
774 1762 811 1796 in
835 1760 1011 1808 plerisque
1035 1759 1165 1795 fabulis
1189 1761 1271 1805 vim,
1296 1772 1399 1807 quam
1421 1759 1531 1795 fatum
1555 1759 1663 1796 rebus
1683 1759 1810 1796 hnma-

172 1818 227 1852 nis
251 1816 436 1862 adhibeat,
460 1817 619 1854 indicare
642 1818 757 1862 solet,
790 1822 828 1853 ut
851 1818 1024 1863 homines,
1049 1819 1105 1865 qui
1129 1819 1191 1862 iis,
1215 1829 1306 1865 qnae
1329 1823 1516 1866 geruntur,
1550 1819 1730 1863 intersint,
1762 1817 1809 1854 ob

175 1885 341 1919 caussas,
365 1879 508 1921 quarum
530 1875 598 1911 sibi
621 1886 691 1911 non
715 1877 803 1911 satis
828 1877 962 1912 conscii
986 1877 1073 1920 sint,
1099 1875 1233 1923 aliquid
1258 1876 1341 1911 mali
1366 1877 1615 1925 praesagiant,
1641 1879 1679 1911 et
1692 1886 1808 1911 rerum

176 1936 341 1970 eventum
364 1943 387 1967 a
409 1932 595 1970 voluntate
618 1934 843 1971 necessitatis
867 1933 1070 1981 cujusdam,
1095 1945 1196 1982 qnam
1219 1939 1336 1971 mente
1360 1933 1664 1984 comprehendere
1675 1944 1808 1981 neque-

173 1994 250 2035 ant,
274 1992 310 2026 in
333 1990 439 2027 dubio
463 1993 614 2039 positum
637 2002 721 2028 esse
744 1994 906 2028 sentiant.
955 1994 1211 2030 Documentum
1234 2004 1366 2042 capere
1388 2005 1576 2042 possumus
1599 2004 1648 2030 ex
1671 1993 1808 2028 Persa-

230 2110 263 2150 ⁹)
287 2112 355 2144 Hac
374 2113 417 2144 ita
437 2122 519 2150 esse,
538 2113 751 2152 comprobatur
770 2113 942 2144 testimonio
964 2113 1021 2144 Ad.
1028 2114 1189 2151 δοὴσεῑίίἰ,
1210 2115 1343 2146 hominis
1364 2124 1465 2146 rerum
1486 2114 1680 2153 antiquarum
1700 2113 1804 2144 scien-

291 2153 336 2183 tia
353 2153 595 2189 instructissimi,
618 2153 670 2191 qui
690 2153 722 2182 in
737 2153 818 2183 libro
833 2154 1007 2193 nuperrimo
1023 2154 1122 2184 edito:
1143 2135 1282 2195 Boin-age
1303 2165 1362 2185 znr
1371 2155 1539 2185 nen-tuin
1559 2155 1617 2184 der
1631 2154 1806 2193 tragini-en

294 2191 402 2223 Pes-io
429 2194 486 2223 der
511 2193 671 2224 Grieelien.
703 2192 813 2223 Bratu-
837 2193 930 2225 Bm!
963 2194 1023 2225 Die
1038 2194 1235 2235 Τοιηίοςίοιι
1258 2197 1313 2226 der
1342 2192 1490 2226 attischen
1509 2194 1671 2235 Tngiker.
1703 2193 1807 2224 Berlin

285 2233 385 2265 ‘18³9
415 2234 508 2272 1».ss
535 2234 579 2264 ἰιι
598 2233 689 2264 dicit:
715 2233 905 2281 Ungekehrt
924 2243 1008 2267 mnas
1028 2244 1115 2272 man,
1148 2236 1207 2266 seit
1225 2235 1393 2267 Welcker’n
1414 2235 1671 2275 Erlluternngem
1691 2242 1801 2273 agen:

292 2271 366 2302 Wir
385 2243 508 2304 konnen
523 2282 585 2305 nun
605 2273 676 2304 kain
696 2273 833 2314 sinigas
851 2275 988 2306 sichem
1011 2275 1116 2314 Beispr
1105 2276 1146 2306 'cl
1166 2277 1252 2307 einer
1280 2275 1534 2308 nuverbundenen
1555 2274 1805 2305 onnon-Reus

292 2311 548 2386 gffioAgchytlns,
569 2314 635 2386 uie
650 2321 716 2345 wer
734 2313 798 2345 ihm
817 2315 894 2346 noch
915 2315 1019 2347 soleba
1038 2316 1225 2355 ιιιιεεῐιτοίΙιι,
1246 2317 1303 2348 der
1322 2316 1422 2348 ιιιιοΙιι
1444 2317 1510 2348 eine
1520 2314 1733 2354 vernath-ug
1751 2313 1807 2345 anf

438 2364 473 2386 ιιι
508 2364 527 2386 ι
554 2364 570 2386 s
