2118 2591
932 74 995 117 25·

110 202 113 205 “
141 199 228 238 nihil
250 195 445 242 faciebant,
474 194 533 234 bic
555 197 599 233 iis
622 195 801 245 praeibat,
824 201 862 235 et
885 198 969 247 quid
991 200 1179 245 sentirent,
1212 201 1250 236 et
1273 198 1356 246 quid
1379 205 1545 250 agerent,
1576 211 1645 238 nec
1667 203 1770 251 ipsae

142 255 362 301 dubitabant,
386 254 456 292 hoc
479 254 596 304 palam
618 255 784 303 profiteri.
832 257 959 305 Itaque
982 269 1162 305 caussam,
1188 269 1252 295 cur
1272 258 1508 297 inGraeciam
1523 260 1766 308 advenissent,

140 325 197 351 vv.
213 310 372 350 11—12
395 312 451 348 bis
474 308 613 350 verbis
619 314 920 360 pronuntiarunt

544 368 685 409 Δαναός
704 369 743 405 δὲ
762 365 954 422 nar-hs&
968 370 1159 416 βούλαρχος

544 421 618 453 Icus
636 422 834 464 σασίαρχος,
861 416 1190 472 ὣπεοσονομῷν

140 485 179 520 et
208 480 310 532 quum
345 483 382 519 in
416 482 588 519 concione
619 480 664 521 ab
696 482 846 532 Argivis
884 477 1066 525 debtetmn
1106 487 1221 530 esset,
1254 487 1294 521 ut
1331 484 1480 521 civitate
1510 485 1769 534 reciperentur,

140 544 283 590 optione
307 553 330 577 a
344 540 580 589 Pelasgorum
601 551 691 589 rege
714 541 811 588 data,
834 546 949 583 utrum
963 541 1067 591 apud
1088 553 1150 587 se,
1173 554 1219 578 an
1240 554 1398 580 seorsum
1420 543 1584 581 babitare
1605 544 1764 590 mallent,

139 599 184 636 ab
208 610 253 636 eo
274 610 332 635 vv.
352 597 424 635 946
437 619 481 625 —
494 599 543 636 50
565 600 783 647 petiveruntz

545 654 693 711 fflitwov
713 667 752 701 δὲ
770 664 935 715 πρόφρων
952 664 1115 711 ἧμέτερον

547 714 670 761 flmep'
692 715 849 761 ειῖθαρσῆ
864 716 1024 756 Δαναὸν,
1044 715 1194 761 πρόνοον

540 769 614 802 Καὶ
632 767 843 813 βούλαρχον·
872 769 937 802 τοῦ
955 767 1019 811 γάρ
1045 766 1195 812 nom-lea

540 821 672 861 Μῆτις,
699 816 789 864 ὅπου
809 819 872 862 χρὴ
893 817 1037 860 δώματα
1056 820 1167 853 ναίειν
1217 832 1219 837 ’

539 870 614 903 Καὶ
631 868 738 908 τόπος
757 867 904 913 εὔφρων.

224 930 294 971 Sic
317 932 343 966 ii
365 930 571 978 loquuntur,
612 933 670 979 qui
692 931 833 968 alienae
863 932 1067 968 auctoritati
1097 928 1213 967 omnia
1244 930 1439 968 tribuentes
1468 932 1524 967 sui
1552 933 1648 979 juris
1677 942 1761 968 esse

138 987 359 1025 destiterunt.
406 988 547 1026 Deinde
563 992 682 1038 pater,
706 989 753 1027 de
772 989 945 1038 dignitate
965 1000 1032 1025 sua
1046 988 1241 1034 sollicitus,
1264 988 1384 1031 :2914
1406 988 1567 1025 hortatus
1586 993 1643 1026 est
1657 989 1763 1036 filias,

137 1050 176 1081 ut
200 1048 315 1082 omnia
337 1046 529 1094 diligenter
559 1049 730 1093 vitarent,
775 1059 822 1085 ex
855 1048 980 1096 quibus
1011 1048 1277 1084 existimationis
1311 1047 1556 1084 detrimentum
1583 1053 1762 1096 caperent,

137 1114 183 1140 ne
207 1105 298 1152 ipsi
321 1108 442 1140 essent
465 1104 652 1141 dedecori·

537 1159 641 1202 Ὺμᾶς
662 1159 694 1195 δ’
705 1160 838 1195 ἔπαινοι
855 1161 901 1203 μή
923 1159 1161 1202 καταισχύνειν
1180 1159 1249 1201 ἐμὲ.

231 1223 318 1259 Νοιι
353 1224 443 1259 enim
475 1224 623 1260 Danaus
658 1227 728 1259 tam
757 1222 985 1266 vehementer
1017 1235 1041 1259 a
1074 1222 1214 1259 filiabus
1245 1222 1505 1268 contendisset,
1545 1227 1585 1260 ut
1614 1233 1761 1269 omnem,

138 1291 239 1327 quam
260 1283 424 1329 possent,
460 1282 657 1317 cautionem
681 1281 907 1326 adhiberent,
943 1292 988 1317 ne
1012 1280 1095 1328 quid
1117 1282 1266 1329 turpiter
1295 1280 1473 1326 facerent,
1504 1282 1572 1316 nisi
1594 1281 1759 1327 vidisset,

136 1337 232 1385 quod
261 1349 374 1385 genus
406 1338 554 1375 vivendi
585 1343 622 1375 et
653 1338 721 1375 sibi
751 1343 789 1375 et
826 1338 965 1375 filiabus
1004 1339 1259 1383 constituisset,
1308 1338 1347 1374 id
1381 1349 1464 1375 esse
1497 1342 1567 1374 tam
1599 1342 1762 1375 sanctum

137 1394 277 1443 tamque
299 1395 521 1443 religiosum,
560 1399 600 1432 ut
622 1396 686 1433 vel
717 1398 853 1433 minima
882 1395 1037 1441 macula,
1073 1406 1142 1443 qua
1172 1397 1282 1433 vitam
1312 1396 1594 1445 adspersissent‚
1634 1397 1763 1443 majori

136 1455 242 1502 ipsis,
280 1465 381 1501 quam
403 1455 501 1499 aliis,
533 1456 621 1490 vitio
646 1453 801 1490 daretur.
864 1453 1100 1492 Sacerdotem
1129 1465 1236 1502 porro
1269 1453 1461 1499 decebant,
1498 1464 1589 1501 quae
1614 1454 1762 1490 Danaus

136 1523 170 1547 v.
186 1510 259 1547 18⁷
281 1511 373 1547 dixit

540 1570 709 1610 Κρεῒσσον
730 1565 768 1600 δέ
786 1565 916 1609 πύργου
941 1567 1077 1608 βωμὸς,
1110 1566 1275 1610 &figique-ror
1295 1566 1397 1604 σάκος

137 1639 206 1665 nec
230 1628 400 1666 dissimile
423 1633 480 1666 est
502 1631 589 1667 voci
612 1641 635 1665 a
656 1629 729 1665 fani
752 1630 908 1665 antistita
931 1628 1067 1674 editae,
1100 1640 1203 1676 quum
1220 1629 1360 1666 Chorus
1383 1640 1416 1665 v.
1429 1627 1502 1664 34⁰
1525 1627 1663 1674 locum',
1688 1639 1759 1676 quo

137 1686 282 1723 deorum
306 1691 446 1723 statuae
470 1687 675 1723 collocatae
698 1691 816 1732 erant,
854 1686 1128 1735 gubernaculum
1151 1688 1308 1723 civitatis
1331 1688 1481 1723 vocavit

540 1744 656 1777 Αἲδοῦ
677 1742 718 1777 σύ
738 1743 894 1788 πρύμναν
912 1743 1038 1782 πόλεος
1059 1738 1120 1777 οἷδ’
1139 1741 1335 1785 ἔςεμμένην·

135 1805 200 1842 vel
224 1816 325 1853 quum
348 1807 509 1854 Argivos
532 1808 669 1859 optimis
694 1806 864 1850 ominibus
884 1810 1160 1855 prosequuturus
1183 1818 1239 1842 vv.
1255 1804 1439 1841 685—87
1462 1806 1603 1853 optavit

541 1875 648 1914 Θεοιὶς
668 1871 709 1913 δ’,
738 1875 774 1908 οῗ
790 1875 856 1917 γᾶν
875 1873 1028 1915 ἔχουσιν,
1051 1870 1109 1907 αἐὶ

541 1927 655 1958 Τίοιεν
673 1925 852 1967 ἐγχωρίους
870 1924 1043 1968 πατρῴαις

541 1974 825 2020 Δαφνοφόροισιν
843 1974 1048 2018 βουθύτοισι
1066 1977 1191 2015 τιμαῖς.

229 2037 282 2072 At
306 2037 441 2073 dixeris
464 2037 633 2083 forsitan,
670 2038 762 2074 hanc
786 2038 922 2085 quidem
955 2039 1091 2074 omnino
1124 2047 1207 2072 ense
1237 2037 1433 2073 orationem
1470 2036 1658 2080 hominum,
1697 2036 1758 2082 qui

133 2093 254 2128 animis
277 2095 346 2141 piis
369 2105 414 2131 ac
440 2094 586 2131 deorum
607 2093 801 2132 metuentae
826 2097 911 2140 sint,
944 2094 1010 2131 sed
1032 2096 1122 2139 ista,
1145 2105 1236 2142 quae
1259 2093 1493 2137 voluerimus,
1524 2091 1608 2129 inde
1632 2091 1757 2139 colligi

132 2159 204 2184 non
224 2162 354 2198 posse,
386 2154 454 2188 nisi
477 2153 550 2190 alia
572 2155 810 2203 reperiantur,
835 2152 956 2202 quibus
980 2163 1044 2198 ea,
1067 2162 1158 2200 quae
1183 2151 1280 2188 dicta
1301 2154 1401 2203 sunt,
1429 2150 1545 2198 mag-is
1567 2149 1754 2186 firmentur.

131 2196 257 2255 Itaque
280 2210 627 2259 circumspiciendum
651 2216 725 2257 est,
760 2216 801 2248 nt
823 2213 1044 2259 argumenta,
1077 2221 1169 2259 quae
1199 2210 1345 2259 propius
1363 2207 1417 2264 sd
1445 2219 1521 2246 rem
1542 2208 1768 2256 perfluens.

130 2265 402 2314 investigemus,
439 2271 479 2305 et
511 2279 600 2305 sane
630 2280 701 2306 non
737 2269 836 2306 multi
859 2269 992 2307 laboris
1024 2271 1101 2314 est,
1138 2278 1184 2304 ea
1213 2268 1393 2313 inveniro,
1424 2277 1539 2315 quum·
1562 2275 1613 2302 ex
1643 2265 1755 2301 totins
1779 2270 1781 2272 ·

131 2322 276 2362 fabulae
298 2324 420 2369 indole
443 2325 632 2375 adpareat,
671 2328 855 2365 Danaides
877 2328 946 2365 hac
967 2322 1084 2364 ιιιαιίο
1107 2326 1237 2372 fuisse,
1261 2329 1317 2420 ut¹
1323 2325 1371 2363 ab
1394 2323 1550 2367 omnibus
1573 2321 1754 2361 mulinu-
