2118 2591
1070 86 1123 128 ⁴⁸
1160 64 1163 67 .

284 208 493 256 eruditionis
514 209 659 245 indoles
681 219 728 246 ea
750 209 897 255 fuisset,
933 209 974 244 nt
996 210 1033 245 in
1050 210 1221 248 omibus
1236 209 1398 259 regulam
1420 220 1466 246 ae
1489 211 1723 246 constantiam
1745 215 1921 258 servaret,

284 270 324 304 et
339 266 499 312 idcirco,
539 266 639 315 qnod
674 267 721 305 ab
749 279 794 304 ea
825 267 1066 316 discrepanet,
1104 268 1170 306 vel
1196 269 1267 305 sibi
1296 269 1510 316 subjiceret,
1549 267 1617 304 vel
1645 279 1669 304 a
1697 279 1740 305 se
1773 280 1920 319 prorsus

284 329 502 363 noer-neret.
549 325 680 363 Talem
696 327 808 374 igitur
829 327 912 362 viro
934 327 1238 374 ingeniosissimo,
1278 328 1496 376 antiquorum
1531 325 1730 374 mythornm
1763 329 1920 377 vestigia

284 393 347 429 ea,
381 396 452 432 qna
475 383 678 433 philosophi
701 384 838 429 solent,
877 384 1076 422 subtilitate
1099 386 1342 433 persequenti,
1374 395 1448 422 rem
1469 384 1585 422 videri
1609 386 1781 433 oportuit,
1817 397 1921 434 quum

284 444 452 494 memoria
473 441 649 490 proditum
672 452 755 478 esse
778 444 1001 492 accepisset,
1024 441 1290 488 Prometheum,
1311 444 1370 491 qni
1388 447 1521 481 <contra
1544 442 1767 492 disciplinam
1784 444 1919 482 aJove
1993 450 2000 453 ‘

285 511 412 536 recens
446 501 638 536 institutam
672 505 930 549 repugnasset,
967 503 1003 537 in
1033 500 1180 538 vincula
1210 498 1293 536 esse
1325 502 1543 548 conjectum,
1583 501 1793 547 etJonem,
1824 512 1919 550 que

283 558 398 605 Argis
421 559 579 593 antistita
601 558 677 593 fani
699 559 836 595 Junoni
860 559 951 595 deae
974 559 1175 594 consecrati
1198 559 1275 602 [vv.
1292 557 1490 594 288—80'
1512 554 1685 606 κλῃδδυχον
1701 555 1803 604 Ἥρας
1834 561 1922 604 φοῦ-1

284 609 434 658 δωμώνω
456 615 535 648 ποτὲ
556 612 605 649 Ὶώ
628 613 773 657 γενέσθαι
796 611 860 665 τῇδ’
887 616 915 650 ἐν
937 616 1059 662 Agyrtes.
1073 616 1187 661 χθονὶ)
1211 614 1355 660 fuisset,
1377 615 1534 652 Graecia
1555 617 1741 665 expulsam
1763 617 1800 652 in
1819 615 1922 663 jlhn

283 676 414 709 terram
437 674 629 722 migrasse,
671 685 740 722 qua
763 674 880 710 stellis
903 675 1116 722 praecipuus
1140 672 1280 721 quidam
1309 673 1423 710 honor
1455 673 1597 711 divinus
1630 679 1730 712 esset
1759 675 1920 713 tributus.

282 730 483 767 Praeterea
506 735 677 780 expertus
702 733 795 767 scire
819 735 970 779 poterat,
996 731 1086 767 duas
1110 742 1180 777 res,
1206 733 1275 768 etsi
1299 731 1478 776 diversas,
1501 743 1572 769 uon
1597 732 1658 777 din
1679 734 1715 768 in
1736 735 1922 770 vicinitate

285 799 369 826 esse
391 800 519 838 posse,
544 791 625 837 quin
648 800 711 835 ea,
736 800 827 837 quae
850 790 1017 827 infirmior
1039 791 1103 836 sit,
1134 793 1300 827 contacta
1331 791 1371 827 vi
1402 789 1646 839 praevalentis
1676 791 1746 836 ita,
1782 794 1822 826 nt
1850 801 1922 827 non

284 849 426 896 sentiat,
451 849 585 883 semina
614 848 697 884 hnic
728 853 883 895 cognata
914 850 1108 897 concipiat3
1142 850 1262 896 itaque
1286 850 1321 885 ei
1344 859 1535 885 occurrere
1560 848 1732 894 debebat,
1756 850 1922 889 maiorem

283 916 417 950 rerum,
454 907 662 954 praesertim
687 906 884 943 divinarum
909 907 1197 960 intelligentiam,
1233 918 1326 955 qnae
1355 917 1444 943 suae
1467 907 1620 943 nationis
1645 910 1744 943 esset
1764 908 1921 956 propria,

282 964 347 1001 vel
370 964 436 1001 illo
461 968 639 1013 tempore,
664 976 732 1013 quo
757 967 938 1013 utriusque
962 965 1146 1014 religionis
1171 967 1342 1014 principia
1358 965 1476 1002 adhuc
1499 966 1674 1014 permixta
1695 971 1733 1002 et
1756 967 1792 1001 in
1815 977 1919 1001 unum

283 1023 434 1059 confusa
457 1023 626 1068 fuissent,
650 1025 719 1060 iam
742 1026 933 1071 insignem,
957 1027 1090 1060 tantum
1113 1025 1293 1068 valuisse,
1317 1028 1356 1060 ut
1378 1035 1439 1069 ea,
1464 1034 1555 1071 qnae
1577 1027 1706 1072 postea
1727 1028 1921 1071 segregata

281 1082 319 1117 in
342 1084 499 1118 remotas
522 1085 637 1117 terras
660 1083 912 1126 recessissent,
937 1081 1000 1118 tali
1016 1084 1229 1130 contagione
1245 1080 1390 1125 adfecta
1405 1081 1594 1127 haberent,
1619 1092 1711 1128 qnae
1727 1082 1919 1129 aliquando

285 1142 523 1176 maturitatem
544 1152 648 1178 suam
672 1145 780 1176 nacta
803 1140 851 1175 ad
874 1142 1039 1176 maiorem
1062 1141 1142 1176 vei-i
1165 1139 1447 1188 perspicientiam
1470 1140 1651 1184 venirent,
1676 1141 1713 1174 et
1735 1141 1807 1174 tum
1830 1137 1923 1187 cog-

281 1199 434 1234 nationis
459 1208 547 1235 suae
569 1210 641 1234 non
663 1198 791 1243 oblita,
816 1198 910 1234 unde
933 1197 1096 1246 profecta
1119 1201 1256 1243 essent,
1281 1208 1326 1234 eo
1350 1196 1515 1239 redirent.
1566 1197 1670 1234 Haec
1690 1200 1747 1233 est
1769 1197 1923 1245 simplex

282 1260 388 1305 atque
412 1256 605 1292 adtenuata
618 1256 764 1293 fabulae
780 1256 826 1292 de
843 1256 895 1293 Jo
908 1258 1058 1304 eJusque
1075 1257 1246 1305 progenie
1263 1256 1520 1304 interpretatio,
1544 1266 1635 1303 qnae
1653 1259 1690 1290 et
1711 1256 1766 1291 rei
1783 1259 1821 1291 et
1837 1255 1923 1292 libri

282 1316 396 1350 nostri
419 1319 628 1362 argumento
654 1314 1019 1351 accommodatissima
1043 1325 1126 1351 esse
1149 1313 1231 1348 mihi
1256 1311 1418 1357 videtur,
1443 1322 1510 1348 nec
1534 1311 1674 1358 dubito,
1702 1314 1783 1366 quin
1801 1316 1922 1360 poeta,

283 1384 373 1420 qnae
398 1372 445 1409 (le
467 1375 677 1420 migratione
701 1373 808 1409 Jonis
832 1376 869 1409 et
893 1372 940 1408 de
971 1372 1131 1409 adventu
1155 1370 1353 1407 Danaidum
1389 1371 1425 1406 in
1450 1367 1638 1413 Graeciam
1677 1370 1921 1416 narrabantur,

284 1432 320 1466 in
345 1442 422 1466 eam
445 1436 582 1479 partem
606 1433 796 1480 acceperit.
827 1431 910 1467 Hoc
935 1435 1034 1467 certe
1059 1430 1291 1466 testificantur
1311 1429 1409 1465 multi
1433 1429 1524 1474 loci,
1549 1439 1598 1465 ex
1618 1428 1743 1476 quibus
1762 1439 1838 1474 eos,
1862 1429 1921 1476 qni

285 1491 495 1526 sententiam
519 1501 631 1526 meam
654 1491 805 1525 maxime
829 1489 1038 1525 confirmare
1061 1488 1270 1533 videantur,
1295 1489 1331 1523 in
1354 1487 1504 1554 medium
1526 1487 1714 1535 proferam.

379 1571 435 1596 vv.
452 1559 531 1595 ‘5⁷5
546 1580 591 1585 —
606 1559 653 1595 ⁷⁸7
678 1558 765 1595 dicit
789 1557 950 1596 Chorus.
1054 1591 1057 1594 f

692 1622 868 1662 Λαβουσα
889 1620 968 1659 (Ιώ)
992 1618 1052 1653 δ’
1035 1632 1121 1662 ερμα
1140 1621 1227 1653 Δῖον
1248 1616 1401 1664 οῗψευδεῒ
1421 1616 1509 1662 λόγῳ

692 1673 834 1706 selvam
854 1669 951 1705 παῖδ’
973 1669 1132 1715 ἆμεμφῆ·

691 1720 747 1755 Δι’
769 1720 897 1761 αιῶνος
915 1724 1049 1766 μακροῦ
1067 1721 1255 1761 πάνολβον.

283 1784 386 1821 Haec
410 1785 542 1822 verba:
577 1783 629 1819 ’Ῑω
661 1780 772 1831 Rigas
796 1788 862 1819 Δῖον
885 1783 1062 1829 λαβοῦσαι,
1099 1786 1131 1821 si
1155 1784 1326 1821 sermonis
1349 1782 1494 1832 mythici
1518 1783 1774 1829 integumenta,
1795 1781 1921 1830 quibus

284 1843 447 1878 involuta
471 1847 568 1888 sunt,
598 1843 807 1887 sustuleris,
839 1843 923 1890 quid
947 1843 1063 1888 alind,
1087 1844 1154 1878 nisi
1182 1854 1246 1887 ea,
1271 1852 1363 1889 qnae
1391 1841 1573 1891 explicat,
1605 1840 1804 1887 significare
1832 1850 1922 1887 pos-

282 1900 389 1937 sunt?
422 1901 509 1938 Non
531 1903 654 1938 minori
678 1888 890 1938 documento
914 1905 1012 1947 sunt,
1036 1912 1128 1949 quae
1151 1898 1392 1937 vv.15-19
1415 1899 1597 1948 leguntur.

690 1969 821 2002 Κέλσαι
844 1968 875 2003 δ
900 1973 1035 2012 Αργους
1055 1971 1114 2011 γαῒ
1100 1981 1174 2006 ι,αν
1197 1964 1283 2001 ὅθεν
1303 1968 1385 2011 δὴ

695 2020 797 2060 Γένος
817 2020 1000 2066 ἡμέτερον,
1020 2021 1080 2063 τῆς
1099 2018 1300 2064 οῖςροδόνου

693 2073 784 2111 Βοός
804 2073 839 2114 ἐξ
860 2073 1015 2117 ἐπαφῆς,
1049 2068 1111 2112 nd}
1132 2071 1313 2111 ἐπιπνοίας

692 2124 779 2162 Διὸς
800 2122 986 2164 εὐχόμενον
1004 2122 1182 2157 τετέλεςαι.

282 2186 355 2221 Hic
379 2183 517 2233 qnoque
540 2186 662 2233 locus,
688 2198 758 2235 quo
783 2186 968 2222 Danaides
993 2196 1034 2222 se
1058 2196 1102 2221 eo
1126 2186 1238 2232 magis
1262 2188 1450 2234 exceptum
1474 2184 1518 2220 iri
1542 2181 1753 2230 confidunt,
1763 2180 1858 2229 qnod
1875 2180 1920 2217 ab

282 2245 411 2292 Argis,
436 2243 497 2280 ubi
521 2244 572 2280 Jo
597 2255 645 2280 ex
657 2246 760 2282 Jove
784 2246 1030 2293 concepisset,
1056 2243 1227 2280 oriundae
1251 2245 1339 2288 sint,
1364 2254 1460 2288 eam,
1485 2253 1587 2290 qnam
1599 2241 1787 2290 proposui,
1811 2237 1922 2286 mythi

280 2303 609 2352 interpretationem
633 2303 793 2350 adjuvat.
856 2302 997 2340 Eodem
1020 2301 1188 2346 redeunt,
1221 2312 1312 2348 quae
1337 2300 1480 2348 Chorus
1502 2300 1740 2349 Pelasgorum
1772 2296 1849 2343 regi
1872 2306 1921 2331 ex

280 2372 326 2398 eo
351 2363 550 2408 quaerenti,
576 2372 641 2397 cnr
664 2364 813 2409 patriam
836 2362 1036 2409 reliquerit,
1061 2372 1116 2397 vv.
1129 2359 1258 2395 325—
1265 2360 1314 2395 2⁷
1336 2358 1538 2407 respondit.

502 2527 583 2540 &s
