2118 2591
290 201 414 235 mm,
447 190 543 239 quod
565 177 742 236 homines,
774 191 834 239 qui
856 191 959 229 illam
977 180 1177 237 sectantur,
1214 190 1379 239 impellit,
1415 194 1456 228 ut
1477 192 1769 231 naturae-indul-
1814 180 1816 182 ‚

362 252 489 297 gentes
513 241 668 298 corpora
690 249 898 297 turpissimis
920 250 1165 300 voluptatibus
1189 247 1361 285 addicant

295 305 454 352 alterum,
478 306 574 355 quod
596 308 691 344 viam
713 308 820 344 munit
843 307 1117 353 adde-idiosum
1132 306 1307 357 quandam
1330 313 1454 342 rerum‘
1463 306 1657 344 divinarum
1677 318 1768 345 con-

323 360 326 367 “
363 364 624 412 templationem
657 365 833 413 vitamque
869 367 1016 403 inertem
1050 370 1155 414 atque
1191 366 1237 402 ab
1270 365 1399 402 officiis
1431 358 1576 413 cuique⁴
1589 376 1613 400 a
1641 371 1767 403 namra

364 422 537 471 impositis
558 425 736 460 remotam.
1206 456 1211 460 ,
1585 454 1593 460 .

227 476 347 514 Vitae>
361 479 479 526 illius,
502 480 610 518 rebus
632 481 790 530 turpibus
813 491 858 518 ac
877 474 1044 519 venereis
1069 481 1236 527 deditae,
1253 481 1409 530 effigiem
1432 490 1641 529 expressam
1658 479 1767 518 vide-

131 544 207 570 mus
241 532 289 571 in¹
315 538 666 588 personis-Aegypti
700 539 896 584 filiornms
921 542 980 588 qni
1014 539 1195 577 libidinosi
1231 544 1268 576 et
1297 542 1468 588 prorupta
1509 538 1663 575 andacia
1691 550 1763 576 non

132 592 318 642 quidquam
340 596 462 639 sancti,
478 595 625 642 liabent,
641 631 644 633 μ
663 600 700 634 et
721 607 790 635 nec
814 608 902 634 suae
932 609 1002 635 nec
1024 598 1166 635 alienae
1188 597 1380 646 pudicitiae
1402 600 1569 645 parcunt,
1604 596 1765 643 alterius,

132 660 251 698 quam,
283 653 315 687 si
337 652 430 690 haec
451 656 560 691 venia
583 655 667 691 mihi
689 655 811 702 detur,
840 648 953 694 vvitam
975 655 1238 704 sacerdotalem
1265 657 1328 701 ¹⁹)
1359 652 1599 700 vocabiius,
1618 656 1655 691 in
1678 666 1767 704 per-

133 710 233 743 sonis
255 709 373 746 Danai
398 711 565 758 filiarum,
590 724 701 761 quae,
734 716 775 749 nt
806 715 919 762 magis
942 716 1046 750 animi
1069 725 1196 751 sensus
1220 712 1463 760 voluptatibus
1487 723 1536 748 ex
1557 714 1627 748 ista
1646 724 1764 750 rernm

129 764 330 805 divinarum
354 780 400 806 ac
419 770 628 808 coelestium
651 771 946 822 contemplatione
970 774 1090 822 petitis
1113 771 1333 822 permulcere
1357 771 1512 820 possint,
1548 781 1572 806 a
1593 771 1762 819 conjugio

131 825 351 872 refugientes
375 827 462 863 nihil
486 840 626 874 eorum,
650 833 796 877 propter
818 841 909 877 quae
929 834 1036 867 natae
1055 832 1159 876 sunt,
1184 831 1368 877 suscipere
1390 828 1519 865 volunt
1545 830 1620 873 ²⁰).

225 883 289 920 Ne
309 881 501 933 vero'quis
524 890 641 935 putet,
664 890 798 923 temere
820 887 912 924 haec
936 900 959 924 a
982 900 1038 926 me
1061 899 1145 926 esse
1169 888 1283 932 dicta,
1307 897 1374 924 nec
1398 886 1547 935 reperiri
1563 886 1599 922 in
1617 889 1766 934 tragoe-

132 940 211 986 dia,
236 953 305 989 quo
330 943 414 979 talis
436 946 612 981 sententia
636 945 859 982 confirmetur
873 973 883 992 ,
907 958 972 983 eos
995 947 1119 993 locos,
1155 959 1204 984 ex
1227 946 1350 995 quibus
1374 946 1527 994 perspici
1550 950 1660 994 posse
1683 944 1766 981 milii

131 998 316 1046 videatur,
352 1006 493 1049 poetam
516 1004 567 1038 ita
590 1002 781 1056 ‹le-fabula
804 1005 1045 1051 existimasse,
1078 1017 1280 1054 proponam.
1327 1004 1496 1048 Primum,
1529 1014 1598 1050 quo
1622 1002 1766 1048 facilius

134 1061 358 1105 spectatores
379 1060 630 1108 intelligerent,
654 1065 834 1110 utramque
856 1064 967 1099 vitam
991 1075 1039 1099 ex
1061 1063 1188 1100 eodem
1209 1063 1308 1099 fonte
1332 1072 1533 1106 emanasse,
1557 1064 1595 1097 et
1607 1061 1762 1109 Aegyp-

132 1116 446 1153 tum‘etDanaum
470 1129 494 1153 a
515 1118 629 1163 Belo,
667 1130 767 1168 quem
790 1120 939 1157 eundem
965 1121 1079 1158 Asiae
1102 1121 1244 1158 incolae
1267 1122 1405 1157 nomine
1430 1118 1524 1154 Baal
1548 1118 1765 1167 adpellatum

132 1172 368 1220 invocabant,
405 1179 442 1211 et
466 1186 566 1222 quem
589 1178 780 1225 principem
804 1177 967 1224 deorum,
1003 1182 1153 1215 naturae
1184 1181 1310 1216 virium
1341 1188 1526 1225 rerumque
1555 1176 1763 1213 coelestium

133 1235 416 1267 consecratarum
439 1243 611 1280 personas
635 1236 894 1282 sustinentium,
934 1236 1146 1282 credebant,
1181 1240 1375 1284 generatos
1400 1246 1482 1271 esse
1507 1234 1608 1271 dixit.
1656 1234 1762 1271 Conf.

132 1288 243 1334 igitur
266 1301 322 1325 vv.
339 1289 428 1336 314,
453 1290 544 1336 316,
567 1291 640 1327 317
660 1296 697 1328 et
716 1292 789 1328 318

534 1349 649 1390 Βῆλον
669 1349 833 1388 δίπαιδα,
854 1349 986 1393 πατέρα
1004 1349 1099 1384 τοῦδ’
1119 1350 1205 1392 ἐμοῦ
1222 1349 1360 1393 πατρὸς.

534 1399 691 1438 Δαναός,
722 1397 874 1445 ἀδελφός
904 1399 935 1435 δ’
949 1401 1020 1435 ἐστὶ
1039 1399 1340 1444 πεντηκοστόπᾱις·

535 1452 608 1483 Καὶ
633 1449 730 1484 τοῦδ’
752 1451 869 1494 ἄνοιγε
888 1449 1025 1495 τοῦνομ’
1046 1451 1190 1497 ἀφθόνῳ
1212 1453 1318 1496 λόγῳ·

536 1502 719 1542 Αἴγυπτος.

182 1582 229 1623 ¹⁹)
256 1585 344 1615 Hanc
364 1585 455 1615 vitam
476 1584 711 1622 sacerdotalem,
747 1594 838 1625 quae,
878 1587 930 1617 ubi
951 1586 1124 1622 exstiterat,
1158 1586 1271 1623 effecit,
1306 1590 1338 1616 ut
1358 1585 1472 1624 singuli
1499 1584 1607 1614 civium
1637 1584 1763 1616 ordines

256 1624 489 1661 distinerentur,
510 1625 724 1655 nonnullorum
744 1627 935 1664 populorum,
959 1631 1026 1660 ante
1047 1624 1121 1656 Chr.
1144 1635 1174 1655 n.
1194 1627 1354 1656 viventium
1377 1625 1593 1664 religionisque
1615 1624 1763 1655 divinitus

256 1665 421 1702 patefactae
443 1665 629 1703 expertium,
652 1666 808 1704 propriam
830 1666 944 1703 fuisse,
967 1666 1024 1696 hoc
1043 1666 1092 1695 vel
1119 1666 1185 1696 sine
1207 1666 1500 1696 measadmonitione
1520 1672 1576 1703 per
1597 1672 1630 1694 se
1661 1669 1765 1703 patet3

251 1704 351 1749 itaque
372 1715 432 1735 non
453 1711 507 1742 est,
529 1705 609 1743 quod
631 1705 742 1742 dicam,
763 1706 908 1745 quidquid
929 1711 1033 1745 postea
1053 1715 1072 1736 a
1092 1714 1139 1736 me
1155 1706 1373 1745 disputabitur,
1393 1706 1426 1736 id
1443 1705 1598 1735 dumtaxat
1616 1704 1655 1734 ad
1674 1705 1761 1735 illam

253 1745 344 1774 vitam
366 1754 488 1784 eamque
509 1745 606 1775 solam
628 1746 850 1776 accommodari
870 1755 970 1785 posse.
1703 1752 1710 1756 “

174 1781 222 1823 ⁸⁰)
251 1784 379 1815 Mireris
402 1785 548 1821 forsitan,
586 1794 639 1815 cur
661 1786 781 1816 eaedem
802 1787 971 1823 Danaides,
1003 1793 1078 1824 quae
1106 1785 1210 1822 paullo
1238 1789 1306 1815 ante
1332 1788 1460 1823 propter
1488 1784 1639 1822 quandam
1667 1784 1762 1814 animi

247 1825 699 1896 3322²⁵⁰23332⁹22fz¹551523
719 1826 884 1896 ²:335&ss
892 1824 1669 1904 tissyssssfflssssaffl“tmisssspmffltss‘miz
1682 1834 1763 1896 2¹:¹22

246 1907 292 1934 est
314 1886 455 1945 Ae’schyli
482 1905 681 1942 consuetudo,
707 1888 763 1943 ἀι,
798 1906 932 1945 quaein
961 1903 1151 1945 explicandis
1187 1906 1345 1936 sententiis
1375 1905 1437 1936 sint
1466 1904 1586 1942 solnta,
1615 1913 1651 1934 ea
1670 1901 1761 1945 apeess

247 1948 377 1975 tatorum
398 1946 547 1977 mentibus
569 1946 619 1977 det
646 1946 821 1986 effingenda.
875 1946 1058 1985 Quamquam
1089 1945 1168 1975 enim
1197 1946 1352 1977 Danaides
1383 1946 1606 1976 remotissimae
1636 1950 1721 1976 erant
1741 1954 1761 1975 a

252 1986 582 2022 patrueliumvlibidine
604 1996 639 2016 ac
659 1987 801 2022 lascivia,
827 1991 942 2021 tamen,
972 1986 1042 2024 quia
1062 1985 1199 2015 homines
1221 1987 1398 2024 plerumque
1418 1987 1541 2016 modum
1563 1986 1711 2016 excedunt
1730 1985 1763 2015 in

249 2024 416 2055 contrarias
437 2031 553 2064 partes,
577 2026 608 2057 in
630 2026 713 2057 aliud
734 2027 855 2064 vitium,
883 2026 940 2056 etsi
963 2024 1330 2064 minus-vituperandum,
1362 2026 1504 2065 delapsae
1526 2029 1626 2060 erant,
1658 2028 1691 2055 ut
1712 2033 1764 2055 res

253 2065 396 2096 coelestes
418 2075 452 2097 ac
473 2066 591 2097 divinas
613 2076 721 2106 easque
751 2067 833 2098 solas
855 2066 1042 2106 complexae,
1076 2065 1223 2105 quidquid
1246 2067 1284 2098 ad
1306 2070 1432 2098 naturae
1453 2065 1648 2096 necessitates
1670 2069 1700 2096 et
1720 2065 1761 2096 ad

249 2106 327 2136 vitae
356 2108 528 2138 societatem
567 2117 602 2138 ac
630 2109 867 2139 communitatem
898 2107 1081 2147 pertinebat,
1113 2106 1146 2137 id
1177 2116 1196 2137 a
1227 2117 1260 2138 se
1292 2108 1423 2139 alienum
1451 2111 1602 2146 putarent.
1655 2105 1761 2146 Itaque

248 2150 410 2184 quatenus,
442 2148 610 2186 repudiatis
646 2150 783 2188 corporis
814 2148 1029 2187 voluptatibus,
1061 2146 1095 2176 id
1119 2148 1198 2185 quod
1220 2149 1258 2179 ad
1279 2153 1405 2179 mentem
1428 2147 1598 2186 spectabat,
1630 2145 1760 2177 maxine

247 2187 445 2224 expetendum
466 2188 633 2225 duxerunt,
654 2194 796 2229 cognatae
816 2189 898 2219 visae
913 2192 991 2218 sunt.
1022 2185 1148 2217 Graecis
1162 2210 1171 2224 ,
1194 2193 1223 2219 et
1243 2189 1281 2219 ab
1301 2189 1359 2225 iis,
1380 2197 1471 2227 quum
1482 2186 1641 2227 Supplices
1660 2186 1765 2217 venis-

250 2229 333 2261 sswt·
352 2232 424 2258 nunt
443 2232 599 2267 exceptae,
619 2229 674 2264 sed
696 2234 840 2269 quatenus
859 2231 1051 2264 recusarunt,
1071 2236 1110 2261 no
1131 2227 1211 2259 vitae
1228 2228 1392 2264 eommunis
1414 2227 1522 2259 officiis
1536 2225 1756 2263 satisfacerent,

249 2265 328 2303 qnod
355 2271 462 2309 postea
490 2273 675 2306 compertum
696 2274 757 2307 est,
793 2280 812 2301 a
842 2268 1003 2310 disciplina
1022 2268 1127 2297 eornm
1163 2274 1192 2300 et
1212 2270 1347 2300 moribus
1367 2271 1574 2303 recesserunt,
1606 2269 1636 2298 et
1655 2267 1694 2297 ab
1715 2267 1757 2297 iis

247 2308 319 2336 ⁸⁸¹⁸
337 2305 479 2348 njeffle·
522 2307 615 2343 Quod*
630 2317 719 2349 quum
740 2309 922 2350 spectatores
942 2316 982 2339 ex
1000 2307 1057 2344 iis,
1078 2315 1154 2346 quae
1173 2313 1351 2349 agerentur,
1380 2309 1473 2340 facile
1495 2305 1670 2347 conjectura
1699 2307 1759 2337 ad-

249 2342 336 2386 sciti
356 2352 494 2389 possent,
515 2352 605 2389 poeta
624 2349 682 2381 hoe
702 2350 741 2381 de
760 2351 911 2383 industria
927 2348 1053 2383 cilentio
1074 2350 1241 2388 praeteriit.
