2118 2591
1133 80 1162 120 4

331 202 528 250 parentem,
551 201 608 247 qui
623 200 712 247 ipsis
728 200 919 243 suasisset,
944 202 983 235 ut
992 199 1136 246 Argos,
1161 198 1227 235 abs
1251 209 1320 246 qua
1344 197 1431 234 urbe
1456 198 1628 237 oriundae
1652 206 1793 248 essent,
1815 213 1857 239 se
1876 212 1967 239 con-

330 259 480 302 ferrent,
504 261 542 293 et
566 257 707 294 consilii
731 260 769 294 et
790 257 898 305 fugae
921 260 1079 293 autorem
1102 256 1225 293 fuisse.
1273 254 1414 292 Deinde
1438 254 1525 300 diis,
1557 258 1616 305 qui
1638 259 1718 295 istis
1740 259 1833 309 locis
1857 271 1966 310 prae-

329 316 510 358 sidebant,
539 319 576 351 et
600 317 750 352 maxime
773 315 880 358 Jovi‚
904 316 1048 362 generis
1071 317 1201 360 satori,
1226 313 1486 362 supplicantes,
1510 318 1549 349 ut
1566 316 1898 362 animisbeuevolis
1920 309 1966 355 ac

330 374 492 422 propitiis
515 374 670 421 ipsarum
692 373 919 422 patrocinium
945 374 1157 422 suscipiant,
1188 372 1291 408 simul
1315 371 1485 417 edocent,
1522 383 1580 418 se,
1606 377 1705 409 ortas
1730 375 1774 412 ab
1797 375 1963 425 Epapho,

330 442 431 479 quem
443 431 588 479 Jupiter
612 431 871 468 adtrectatione
890 429 1043 479 (ἐπαφῇ)
1067 442 1116 468 ex
1137 432 1179 467 Io
1203 432 1403 477 genuisset,
1428 432 1685 479 propinquitate
1710 443 1789 469 cum
1812 434 1857 470 iis
1879 445 1962 472 me

330 490 558 536 conjunctas,
584 493 620 525 et
643 489 778 525 idcirco
802 499 872 524 non
896 489 1076 536 indignas,
1101 500 1188 536 quas
1205 488 1249 523 ab
1269 489 1432 537 Aegypti
1455 489 1605 525 filiorum
1626 491 1763 537 injuriis
1788 494 1960 529 tueantur.

330 547 432 591 Quae
463 559 563 594 quum
592 547 763 594 legimus,
799 546 895 583 ultro
927 547 1027 583 nobis
1060 548 1232 591 occurrit,
1273 547 1326 582 sic
1359 546 1470 582 ordiri
1493 559 1563 583 non
1588 549 1668 594 ejus
1693 559 1793 593 esse,
1831 551 1889 597 qui
1913 550 1962 586 ad

327 606 561 640 narrationem
583 606 636 641 rei
661 607 794 654 exponi
818 605 954 652 quidem
977 606 1045 639 iam
1069 608 1250 652 coeptam,
1283 604 1349 639 sed
1372 615 1471 640 mora
1494 605 1644 651 quadam
1668 606 1879 653 aliquamdiu
1905 609 1961 644 in-

327 663 521 699 termissam
545 662 689 709 redeat,
728 667 764 700 et
787 662 922 710 reliqua
946 667 1178 710 persequatur
1207 664 1255 707 ⁸).
1926 673 1930 676 ’

421 720 564 756 Deinde
587 721 696 756 multa
720 720 870 768 posthac
894 719 1072 766 dicuntur,
1097 731 1189 767 quae
1212 720 1310 755 illam
1334 719 1530 756 fabularum
1552 724 1705 773 partem,
1730 733 1821 768 quae
1850 724 1961 759 maior

324 788 370 813 ac
393 779 543 825 gravior
567 783 622 813 est
644 777 820 826 putanda,
852 778 1090 814 tantummodo
1114 778 1315 825 adtingunt,
1340 781 1379 812 ut
1404 781 1644 825 spectatores,
1671 789 1762 825 quae
1786 783 1961 815 eventura

323 835 412 880 sint,
438 836 654 883 cogitatione
678 837 886 884 praecipere
911 837 1063 884 possint,
1086 840 1123 872 et
1148 837 1286 872 omnino
1309 846 1386 881 res,
1412 847 1502 883 quae
1515 835 1563 871 ad
1579 837 1753 872 actionem
1770 839 1959 885 pertinent,

322 893 491 942 paulatim
515 898 770 941 congeruntur,
810 898 846 930 et
870 895 921 930 ita
944 896 1036 930 inter
1060 906 1101 931 se
1125 896 1332 939 miscentur,
1372 898 1410 929 ut
1436 905 1497 938 ea,
1523 905 1612 941 quae
1637 896 1672 929 in
1697 895 1959 942 tragoediarum

322 952 460 987 ratione
482 952 805 1000 impedimentorum
829 952 1022 1001 implicatio
1047 963 1091 988 ae
1115 953 1279 989 fortunae
1303 951 1514 988 vicissitudo
1540 952 1761 1001 adpellatur,
1786 955 1959 998 instructa

321 1013 358 1046 et
381 1015 597 1058 praeparata
621 1021 703 1047 esse
727 1011 902 1047 videatur.
965 1010 1020 1048 Ob
1043 1011 1134 1048 hanc
1159 1022 1328 1047 caussam,
1344 1011 1473 1046 chorus
1499 1023 1554 1046 vv.
1575 1010 1753 1046 127—32
1778 1011 1846 1047 sibi
1868 1023 1958 1059 gra-

320 1067 456 1103 tulatur
478 1067 634 1114 quidem,
660 1069 754 1115 quod
778 1069 936 1105 secundo
960 1074 1070 1105 vento
1095 1071 1268 1116 navigans
1292 1079 1419 1115 sospes
1444 1068 1695 1114 incolumisque
1716 1070 1752 1104 in
1767 1069 1955 1105 Graeciam

321 1124 543 1170 adventarit,
569 1126 636 1162 sed
661 1137 683 1161 a
698 1126 798 1163 Jove
822 1126 891 1162 hoc
914 1130 1120 1175 exspectat,
1144 1131 1199 1172 ut,
1225 1137 1326 1174 quum
1345 1125 1393 1161 ad
1410 1124 1596 1162 discrimen
1620 1128 1762 1161 ventum
1787 1127 1870 1171 erit,
1894 1137 1956 1163 res

321 1195 407 1218 suas
431 1183 479 1219 ad
504 1195 712 1231 prosperum
729 1185 861 1220 exitum
879 1184 1035 1220 adducat
1058 1183 1229 1228 ἀχείματόν
1253 1183 1282 1227 μ’
1309 1185 1429 1227 ἔπεμπε
1452 1180 1509 1216 σύν
1532 1186 1646 1220 πνοαῖς·
1674 1178 1745 1232 οὐδὲ
1765 1185 1954 1228 μέμφομαι·

318 1237 468 1277 τελευτὰς
491 1235 516 1274 δ’
538 1241 567 1274 ἐν
589 1239 690 1287 χρόνῳ
706 1239 812 1286 πατὴρ
836 1238 853 1274 ὁ
884 1242 1065 1279 παντόπτας
1099 1243 1262 1287 πςευμενεῒς
1292 1242 1423 1275 κτίσειεν.
1482 1252 1535 1277 vv.
1561 1240 1631 1276 713
1647 1260 1690 1267 —·
1708 1240 1766 1276 14.
1806 1241 1956 1291 Danaus

319 1297 430 1344 filias,
456 1310 563 1347 quae,
596 1300 755 1336 nuntiata
774 1299 937 1349 Aegypti
961 1299 1110 1337 filiorum
1134 1299 1492 1348 adpropinquatione,
1524 1301 1734 1348 perterritae
1754 1302 1872 1346 erant,
1902 1301 1955 1336 ita

319 1357 543 1401 consolatur,
569 1361 608 1392 ut
628 1358 805 1403 homines,
831 1360 889 1405 qui
914 1358 1004 1394 deos
1028 1370 1098 1393 non
1123 1361 1372 1401 revereantur,
1398 1361 1497 1393 certo
1521 1362 1678 1405 tempore
1703 1361 1740 1393 et
1763 1359 1955 1393 constituta

379 1478 412 1518 ⁸)
442 1479 525 1514 Quae
562 1488 651 1516 quum
680 1479 740 1508 iam
771 1478 980 1515 scripsissem,
1011 1479 1168 1516 praeclara
1204 1478 1376 1508 dissertatio
1405 1478 1442 1508 A.
1462 1478 1652 1513 Tittleri,
1685 1478 1760 1515 phil.
1788 1478 1843 1507 Dr.
1871 1478 1951 1507 Pos-

438 1519 612 1553 naniensis‚
640 1519 677 1548 de
693 1518 865 1548 Danaidum
893 1518 1012 1548 fabulae
1034 1517 1175 1557 Aeschyli
1197 1518 1412 1556 compositione
1435 1517 1613 1555 dramatica,
1646 1518 1725 1557 typis
1748 1517 1877 1556 repetita
1898 1518 1949 1548 in:

380 1579 388 1584 -
439 1558 615 1589 zeitschrift
635 1559 688 1589 fiir
709 1558 757 1588 die
768 1558 1166 1589 Alterthumswissenschai't
1187 1562 1240 1588 etc.
1281 1558 1408 1588 Fssnl'ter
1419 1558 1576 1597 Jahn-gang
1592 1559 1682 1590 1838.
1725 1558 1854 1588 Zehntes
1865 1558 1949 1595 Hert,

436 1599 511 1629 mihi
532 1599 564 1628 in
586 1607 693 1628 manus
715 1599 806 1628 venit.
848 1599 950 1639 Hujus
973 1599 1069 1629 libelli
1090 1605 1212 1635 auctor,
1235 1598 1432 1636 etsiGruppii
1448 1599 1583 1637 vestigiis
1600 1603 1645 1628 est
1657 1599 1824 1636 ingressus,
1845 1603 1949 1631 tamen

437 1639 532 1668 multa
553 1639 590 1668 de
611 1639 676 1668 suis
687 1638 822 1674 addidit,
843 1640 992 1677 multaque
1012 1639 1054 1668 ita
1075 1638 1255 1675 illustravit,
1277 1642 1309 1668 ut
1330 1639 1368 1668 ad
1390 1638 1546 1668 veritatom
1568 1638 1706 1677 proxime
1728 1638 1858 1669 adducta
1878 1648 1948 1669 esse

436 1679 605 1709 videantur.
646 1679 782 1710 Maxime
803 1688 875 1709 vero
897 1679 970 1709 mini
991 1679 1116 1715 adrisit,
1145 1679 1224 1717 quod
1248 1679 1285 1709 de
1306 1678 1479 1718 Supplicum
1502 1678 1629 1709 exordio
1651 1678 1830 1717 disputavit,
1852 1683 1884 1710 ut
1906 1688 1943 1709 eo

435 1720 580 1758 probaret
602 1720 820 1758 Aegyptiorum
842 1720 946 1756 drama
967 1729 1026 1749 non
1049 1720 1179 1758 primum
1200 1719 1312 1755 fuisse,
1342 1724 1371 1749 et
1391 1720 1468 1749 hanc
1491 1719 1529 1749 ob
1555 1727 1712 1753 caussam.
1752 1719 1944 1757 praesertim,

436 1768 525 1797 quum
554 1759 729 1795 existimen,
761 1759 895 1789 futurum
931 1768 1012 1796 esse,
1043 1764 1076 1789 ut
1113 1759 1261 1789 sententia
1298 1768 1363 1789 mea
1397 1759 1465 1797 ipsa
1502 1759 1599 1798 magis
1635 1758 1842 1797 confirmetur,
1885 1768 1948 1789 non

433 1800 551 1836 dubito,
585 1804 679 1830 totum
707 1800 805 1830 locum
833 1800 1034 1830 subscribere.
1075 1799 1236 1838 „Aeschyli
1257 1799 1482 1839 tragoediarum
1512 1800 1590 1830 ratio
1621 1808 1657 1829 ea
1689 1802 1752 1835 est,
1784 1803 1831 1836 ut,
1870 1808 1949 1838 quae

432 1840 582 1875 „fabulam
603 1840 710 1879 incipit
730 1840 825 1876 actio,
854 1844 1043 1879 proponatur
1062 1843 1202 1877 tanquam
1223 1840 1373 1869 vinculum
1395 1840 1543 1878 longioris
1564 1838 1699 1880 alicujus
1718 1839 1827 1876 serien
1860 1839 1952 1879 eujus

436 1880 572 1917 „reliqua
593 1880 648 1910 illa
669 1884 844 1918 antegressa
866 1881 925 1910 iam
947 1881 1067 1910 vincula
1088 1880 1127 1909 ad
1149 1879 1307 1909 exordium
1330 1889 1437 1917 usque,
1467 1879 1532 1909 sive
1554 1880 1675 1918 cognita
1695 1879 1808 1909 ruerint
1830 1884 1948 1917 speeta-

436 1919 571 1955 „toriaus
590 1929 644 1950 seu
664 1929 741 1955 non,
772 1929 893 1950 necesse
915 1924 980 1951 erat
1007 1920 1109 1958 aliquo
1137 1919 1225 1949 modo
1255 1928 1321 1949 cum
1350 1919 1389 1949 iis
1413 1919 1640 1950 communicare.
1672 1918 1760 1955 Quod
1791 1926 1882 1957 quum
1914 1918 1947 1948 in

435 1959 629 1997 „universum
659 1960 745 1990 chori
765 1960 806 1990 sit
827 1970 949 1997 munus,
980 1961 1110 1999 primum
1133 1959 1293 1998 praecipue
1314 1958 1382 2001 ejus
1404 1964 1521 1990 cantum
1551 1969 1606 1991 seu
1635 1960 1784 2000 paredum
1807 1959 1877 1990 huie
1899 1959 1945 1989 rei

434 2001 617 2038 „adaptasse
637 2001 757 2030 videtur
773 2001 954 2039 Aeschylus,
976 2001 1007 2030 id
1030 2000 1110 2038 quod
1130 2001 1351 2038 Agamemnone
1372 2005 1450 2030 certe
1472 2004 1501 2030 et
1520 2001 1624 2031 Persis
1646 2000 1802 2039 probatur.
1845 1998 1948 2039 Ejus-

431 2041 535 2078 „modi
556 2040 652 2079 igitur
672 2040 795 2079 longior
816 2040 924 2078 paredi
945 2044 1064 2077 cantus,
1086 2040 1184 2079 qualis
1205 2044 1249 2070 est
1270 2040 1358 2070 etiam
1375 2040 1551 2080 Supplicum
1572 2040 1712 2076 fabulae,
1734 2039 1786 2078 qui
1805 2043 1946 2069 versatur

432 2081 483 2118 „in
505 2080 700 2112 illustrandis
730 2081 821 2110 rebus
849 2081 1021 2120 praeteritis
1049 2081 1164 2120 primae
1183 2079 1522 2120 tragoediae'indicium
1542 2090 1602 2111 non
1623 2079 1738 2121 injuste
1759 2079 1865 2110 haberi
1887 2089 1947 2119 po-

430 2122 530 2158 „terit
573 2121 660 2157 Quod
682 2121 712 2152 si
733 2121 909 2160 negaveris,
933 2126 964 2151 at
984 2121 1062 2151 illud
1084 2125 1164 2151 certe
1188 2122 1346 2158 concedes,
1369 2121 1481 2160 optime
1503 2121 1531 2151 ei
1552 2121 1725 2156 convenirez
1758 2119 1860 2159 ltaque
1879 2130 1946 2150 me-

431 2161 511 2198 „rito
532 2161 684 2201 conjicere
706 2170 886 2200 possumus,
916 2161 1032 2200 pariter
1052 2165 1139 2199 atque
1161 2161 1318 2200 Supplices
1341 2161 1506 2201 Aegyptios
1527 2161 1617 2191 etiam
1637 2159 1787 2199 incepisse
1805 2160 1946 2200 longiore

429 2201 536 2239 „chori
571 2201 759 2240 expositione
800 2210 902 2231 rerum
943 2202 1191 2241 praeteritarum,
1227 2210 1359 2241 quasque
1397 2201 1501 2232 eorum
1537 2210 1623 2232 mens
1665 2200 1853 2232 desideraret
1897 2200 1946 2230 vel

427 2246 595 2280 „metueret
615 2241 742 2272 futuras.
785 2243 826 2272 At
841 2251 942 2280 quum,
962 2242 989 2272 si
1001 2242 1165 2281 Aegyptios
1185 2243 1328 2272 statueris
1348 2242 1535 2281 tragoediam
1551 2242 1697 2280 primam,
1718 2250 1757 2272 ex
1768 2241 1945 2280 Supplieum

426 2282 672 2320 „construetione
693 2282 865 2312 necessario
886 2286 1045 2321 sequatur,
1066 2282 1171 2312 eodem
1192 2282 1282 2312 modo
1303 2282 1401 2313 Danai
1423 2282 1513 2313 etiam
1533 2281 1612 2312 filias
1632 2282 1664 2312 in
1687 2285 1841 2320 postremo
1868 2280 1946 2310 dra-

424 2328 521 2360 „mete
544 2321 725 2363 exposuisse
746 2327 851 2359 cantu,
889 2332 964 2362 quae
985 2323 1065 2353 inter
1086 2326 1238 2361 receptum
1259 2323 1340 2361 apud
1361 2323 1492 2362 Argives
1513 2322 1553 2352 ad
1583 2321 1820 2352 internecionem
1848 2328 1944 2358 usque

423 2373 627 2405 „sponsorum
649 2366 716 2394 acta
737 2367 853 2399 essent,
874 2363 1001 2394 habebis
1022 2367 1085 2394 tres
1108 2372 1217 2402 easque
1237 2363 1432 2402 longissimas
1454 2362 1542 2392 chori
1563 2362 1728 2392 cantilenas
1749 2361 1826 2392 etc.“
