2118 2591
409 28 419 37 =
487 23 532 53 χε.
609 0 644 38 v2⁸*

918 119 974 161 47

129 251 225 303 quod
247 245 412 296 singulae
434 241 646 293 tragoediae
658 245 840 292 tm,
874 247 1025 293 spectet.
1071 242 1169 280 Nam
1201 242 1298 291 quod
1320 242 1504 293 Danaides
1535 255 1558 280 a
1582 245 1753 294 conjugio

133 305 310 354 refugisse
333 303 514 347 dicuntur,
530 300 667 350 *plures
690 306 859 347 caussae,
891 312 955 338 cur
977 302 1048 341 hoc
1070 301 1191 346 fieret,
1223 311 1306 336 esse
1329 305 1510 348 poterant,
1545 314 1625 339 nec-
1647 303 1757 340 facile

131 361 322 414 quisquam,
345 362 414 402 nisi
437 360 512 397 alia
535 362 650 404 erant,
673 369 721 395 ex
744 358 868 408 quibus
890 360 1113 409 perspicuum
1132 359 1275 405 fuisset,
1300 358 1385 407 'quid
1408 360 1622 407 potissimum
1645 365 1756 410 poeta

130 422 224 466 illud
245 430 442 458 memorans
465 421 582 454 mente
605 418 794 465 agitasset,
828 417 876 454 ad
899 418 992 454 hanc
1015 417 1140 465 lapsus
1163 421 1261 454 esset
1283 419 1498 466 opinionem,
1535 422 1574 453 ut
1597 419 1755 466 agricul-

130 485 262 526 turam,
287 489 390 528 quam
412 476 570 513 homines
594 473 738 512 Cereris
755 475 934 512 'beneficio
959 474 1147 520 deberent,
1171 479 1225 521 et,
1249 486 1342 523 quae
1363 474 1457 511 hanc
1481 479 1631 523 sequuta
1650 480 1758 521 essee,

129 540 239 577 totius
263 538 363 576 vitae
385 534 557 571 humanae
582 533 830 582 temperandae
853 535 1029 585 certisque
1053 532 1180 570 officiis
1204 532 1504 582 constringendae
1528 535 1601 571 vim
1628 545 1680 571 ac
1695 546 1758 570 ra-

129 599 260 635 tionem
282 596 320 632 in
341 593 420 630 hac,
435 591 653 638 didascalia,
689 604 790 640 quam
809 596 960 638 vocant,
975 593 980 597 '
997 590 1199 640 praedicari
1223 592 1461 628 arbitraretur.
1524 593 1651 640 Itaque
1674 592 1756 628 mihi

127 642 348 705 persuadere
370 661 441 687 non
465 661 627 700 possum,
650 650 889 698 Aeschylum,
913 660 1014 698 quem
1028 648 1120 685 alias
1135 650 1277 686 virtutis
1292 650 1354 686 vel
1373 652 1559 698 sapentiae
1578 651 1757 699 exempla,

128 722 220 761 quae
250 708 424 752 docendis
455 708 584 761 fabulis
616 708 783 745 intuenda
813 707 1034 757 proponebat
1063 707 1291 755 popularibus
1323 708 1414 752 suis,
1453 710 1515 744 itv
1527 711 1755 757 expressisse

127 771 277 814 scinus,
300 770 359 813 ut,
384 765 468 814 quid
490 765 686 812 voluisset,
719 768 889 802 incertum
912 777 983 801 non
1006 769 1122 809 esset,
1158 765 1225 810 hic,
1242 764 1505 801 consuetudinis
1535 777 1623 802 suae
1645 767 1757 803 fuisse

128 826 223 863 adeo
248 827 493 869 immemorem,
534 828 573 859 ut
592 823 646 869 id,
686 823 735 859 ad
757 823 851 872 quod
875 825 989 860 omnia
1012 823 1246 866 referrentur,
1278 824 1345 859 vix
1368 823 1588 870 adtingeret,
1619 828 1656 860 et
1680 835 1757 860 eam

132 885 179 922 ob
204 895 385 927 caussam,
410 883 479 918 etsi
501 880 706 918 verecunde
730 893 774 918 ac
798 881 1015 927 dubitanter,
1040 885 1155 917 tamen
1179 881 1311 927 audeo,
1335 881 1509 929 quidmihi
1528 885 1636 930 poeta
1650 893 1758 931 prae-

132 944 255 992 cipere
279 940 442 978 voluisse
465 938 650 984 videatur,
673 938 832 992 breviter
855 933 1046 988 exponere.

223 1000 282 1037 Ac
306 1000 451 1048 primum
475 996 614 1045 quidem
637 1009 708 1035 non
733 999 769 1034 in
795 1009 840 1034 ea
861 1010 936 1034 sum
966 997 1160 1042 sententia,
1197 1000 1236 1032 ut
1258 996 1496 1045 Aeschylum,
1531 1010 1633 1046 quum
1656 997 1756 1046 Sup-

128 1059 243 1109 plices
266 1058 456 1102 scriberet,
495 1056 670 1103 ejusmodi
705 1055 853 1104 aliquid,
878 1055 989 1104 quod
1023 1057 1093 1093 viri
1126 1055 1318 1091 doctissimi
1352 1055 1545 1101 finxerunt,
1583 1058 1618 1092 in
1642 1059 1758 1093 animo

127 1117 296 1154 habuisse
320 1119 455 1165 putem,
478 1114 545 1151 sed
569 1116 713 1163 opinor,
738 1126 816 1151 eum
841 1115 1091 1152 vetustissimis
1115 1114 1262 1161 mythis,
1287 1115 1344 1164 qui
1361 1114 1557 1159 ferrentur,
1582 1118 1620 1151 et
1635 1115 1683 1150 ad
1698 1126 1758 1150 res

130 1174 273 1212 divinas
306 1177 411 1221 atque
442 1172 610 1208 humanas
645 1173 880 1221 respicerent,
920 1173 1099 1208 incitatum
1123 1183 1222 1216 esse,
1261 1175 1299 1207 ut
1324 1171 1370 1208 de
1395 1183 1552 1220 graecae
1575 1172 1758 1221 religionis

123 1231 323 1281 primordiis
347 1235 384 1267 et
409 1230 455 1267 de
480 1241 543 1275 ea,
569 1242 637 1277 qua
659 1234 786 1278 postea
810 1230 1027 1266 conformata
1050 1234 1164 1275 esset,
1186 1231 1325 1266 ratione
1349 1232 1513 1277 sejuncta
1533 1231 1756 1279 areligioni-

122 1290 190 1328 bus
214 1289 438 1338 populorum,
463 1289 607 1325 orientis
633 1292 749 1325 terras
773 1288 1007 1334 incolentium,
1030 1289 1144 1336 iisque
1168 1289 1346 1324 contraria
1365 1293 1567 1336 quaereret,
1593 1293 1640 1334 et,
1665 1300 1756 1337 quae

122 1351 205 1397 ipse
229 1349 480 1396 cognovisset,
497 1348 541 1382 in
565 1346 700 1382 duabus
725 1346 929 1383 didascaliis
956 1349 1039 1392 ¹⁷),
1063 1358 1206 1395 quarum
1229 1359 1299 1383 una
1322 1358 1385 1393 ea,
1419 1359 1509 1395 quae
1534 1347 1581 1385 de
1605 1348 1756 1384 Prome-

124 1406 222 1451 theo,
247 1406 374 1450 altera,
399 1415 488 1452 quae
513 1404 560 1441 de
568 1404 788 1441 Danaidibus
812 1405 943 1440 tradita
965 1410 1095 1450 essent,
1119 1405 1429 1453 complectebatur,
1453 1410 1636 1454 poetarum
1650 1406 1757 1442 modo

125 1464 283 1501 doceret.
310 1462 413 1499 Vidit
426 1464 515 1498 enim
529 1462 632 1498 homo
647 1464 862 1510 antiquitatis
877 1464 1107 1511 peritissimus
1120 1463 1288 1511 simulque
1301 1465 1513 1511 cognitionis
1528 1475 1572 1500 ac
1586 1466 1758 1501 scientiae

126 1522 255 1559 studiis
280 1520 440 1566 deditus,
466 1521 771 1567 consuetudinem,
796 1525 832 1558 et
855 1521 982 1558 stellas
1008 1526 1045 1558 et
1067 1523 1184 1570 ignem
1208 1522 1278 1567 (Jo
1303 1526 1340 1557 et
1363 1522 1618 1568 Prometheus]
1644 1533 1758 1559 vene-

125 1580 246 1625 randi,
279 1591 369 1627 quae
394 1590 442 1614 ex
465 1578 646 1627 religionis
670 1591 803 1626 genere
827 1581 1084 1627 antiquissimo,
1123 1592 1191 1627 quo
1216 1574 1384 1616 universa
1407 1581 1522 1616 rerum
1546 1585 1672 1622 natura
1698 1581 1757 1616 dei

125 1638 211 1675 loco
236 1641 313 1674 erat
335 1637 474 1682 habita,
512 1639 700 1685 conjuncte
726 1642 969 1682 emanaverat,
1005 1649 1075 1672 una
1107 1648 1185 1673 cum
1217 1639 1336 1686 primis
1369 1637 1507 1673 colonis
1533 1649 1581 1674 ex
1604 1638 1697 1673 Asia
1721 1640 1758 1673 in

126 1697 314 1733 Graeciam
337 1697 564 1745 pervenisse,
602 1700 656 1739 et,
695 1696 855 1744 quamdiu
878 1695 1043 1745 incolae,
1070 1695 1186 1732 adhuc
1210 1707 1395 1744 puerorum
1419 1695 1570 1741 similes,
1607 1698 1643 1731 in
1668 1708 1757 1733 con-

124 1754 335 1802 templandis
360 1755 486 1799 rebus,
525 1754 589 1789 sub
615 1763 740 1790 sensus
766 1754 991 1799 cadentibus,
1014 1756 1150 1790 versati
1174 1758 1312 1799 essent,
1349 1754 1396 1790 ibi
1421 1759 1600 1802 receptam
1624 1766 1665 1790 se
1690 1755 1757 1791 ob-

124 1814 282 1849 tinuisse.
342 1813 480 1849 Postea
512 1816 643 1858 autem,
681 1825 783 1861 quum
808 1813 1025 1850 Graecorum
1053 1823 1149 1848 mens
1181 1816 1218 1848 et
1248 1816 1396 1848 naturae
1431 1814 1470 1849 vi
1504 1817 1541 1849 et
1572 1813 1758 1849 multarum

122 1882 240 1907 rerum
258 1883 513 1920 ‚prosperarum
537 1882 712 1908 concursu
736 1873 910 1916 excitata,
946 1882 1008 1916 ea,
1041 1871 1164 1918 quibus
1188 1875 1408 1916 moveretur,
1434 1871 1684 1917 considerare,
1710 1877 1757 1916 et,

124 1929 243 1977 qualia
266 1934 404 1983 essent,
429 1941 495 1966 suo
520 1941 616 1966 more
639 1929 826 1966 informare
851 1931 1045 1978 coepisset,
1069 1928 1198 1965 factum
1223 1940 1306 1965 esse
1330 1928 1526 1975 intellexit,
1559 1934 1614 1976 ut,
1647 1941 1757 1978 quae-

124 1998 270 2035 cumque
294 1988 346 2033 ei,
371 1994 472 2036 quam
496 1989 575 2036 ipsa
598 1990 755 2039 iniisset,
779 2000 894 2025 rerum
916 1988 1109 2024 divinarum
1129 1992 1233 2035 atque
1257 1987 1482 2024 humanarum
1506 1989 1754 2038 percipienda-

124 2057 198 2081 rum
216 2047 344 2082 rationi
366 2049 436 2097 aut·
449 2048 628 2083 contraria
651 2051 712 2083 aut
734 2059 804 2084 non
827 2048 914 2083 satis
939 2049 1178 2082 consentanea
1201 2047 1282 2082 visa
1304 2050 1442 2091 essent,
1465 2047 1528 2084 vel
1542 2048 1756 2094 ejicerentur

125 2103 189 2140 vel
214 2105 248 2140 ei
273 2105 641 2154 accommodarentur;
682 2106 885 2144 alterutrum
909 2106 997 2142 enim
1029 2107 1268 2141 necessarium
1299 2105 1427 2150 fuisse,
1465 2117 1565 2153 quum
1595 2116 1752 2153 graecae

128 2216 539 2242 *—

177 2288 224 2328 ι’)
252 2291 364 2330 Spero,
398 2291 480 2329 rore,
510 2296 542 2323 ut
557 2276 638 2327 ,milii
659 2293 732 2323 haec
753 2293 840 2323 venia
861 2292 963 2328 detur,
993 2295 1026 2322 ut
1055 2291 1144 2322 initio
1178 2290 1360 2330 quaestionis
1383 2295 1538 2330 utramque
1559 2289 1756 2322 didascalica!

170 2353 175 2356 -
220 2352 228 2358 .
247 2332 475 2371 pei-misceam„
493 2338 583 2371 quum
604 2334 647 2366 ite
667 2333 884 2373 argumentatio
906 2332 1094 2368 sublevetur,
1124 2336 1153 2362 et
1176 2342 1279 2371 quum,
1313 2336 1344 2362 ut
1366 2333 1469 2371 paullo
1492 2337 1558 2370 post
1578 2331 1676 2370 magis
1697 2331 1757 2361 ad-

258 2372 391 2444 mlgitz}
407 2377 533 2412 utraque
556 2373 723 2404 didascalia
743 2379 804 2405 tam
825 2378 905 2405 arcte
925 2373 1005 2404 inter
1025 2382 1058 2403 se
1079 2373 1249 2410 cohaereat,
1278 2376 1309 2402 ut
1337 2373 1433 2403 altera
1454 2371 1578 2401 alterius
1599 2372 1666 2402 luce
1686 2371 1753 2401 eol-

994 2518 1012 2535 θ
