2118 2591
954 74 1008 113 ⁴3

166 211 242 237 rum
263 200 340 242 vis,
364 207 480 244 *quum
502 206 634 243 neque,
670 194 764 231 unde
787 197 857 232 sint
879 198 966 241 orti,
999 205 1114 243 neque
1137 205 1229 241 quae
1264 196 1374 242 prima
1408 197 1506 233 notio
1537 196 1583 232 iis
1621 194 1789 241 subject·

166 257 288 302 fuerit,
326 266 440 303 neque
475 253 558 302 quid
595 256 724 302 postea
758 256 950 303 temporum
981 264 1025 290 ac
1055 253 1216 290 locorum
1243 253 1336 288 ratio
1365 253 1410 292 ,iis
1433 253 1498 290 vel
1521 251 1701 292 addideit
1721 252 1788 290 vel

166 312 352 358 ademerit,
390 316 490 349 certo
513 313 682 355 sciamus,
718 311 833 347 adhuc
856 312 1011 347 tenebris
1035 309 1239 358 quibusdam
1262 310 1474 346 circumfusa
1496 310 1596 346 latet.
1663 310 1787 357 Atque

167 381 271 407 unum
294 380 343 408 ex
365 369 421 406 his
444 369 575 418 mythis
590 378 683 414 esse,
709 379 808 415 quem
826 367 1034 417 Aeschylus
1048 369 1086 404 in
1099 367 1286 415 tragoedia
1302 371 1428 404 nostra
1446 369 1616 415 sequutus
1631 371 1697 412 est,
1718 369 1787 405 vix

169 427 398 464 dubitaveris.
440 427 639 463 Praeterea
659 426 815 463 homines
841 427 956 472 docti,
989 428 1047 473 qui
1069 427 1106 461 in
1134 426 1363 463 enucleandis
1386 425 1516 474 mythis
1541 424 1786 469 versabantur,

167 486 221 521 rei
236 484 316 533 plus
333 484 552 521 difficultatis
570 494 615 519 eo
634 482 807 520 adtulisse
819 484 900 520 mihi
917 484 1100 528 videntur,
1126 483 1219 530 quod
1233 484 1451 531 singulorum
1466 486 1650 531 poetaru-
1667 480 1788 530 philo-

170 543 447 592 sophorumque,
484 541 548 577 abs
575 541 699 589 quibus
727 541 831 579 iidem
856 543 966 592 mythi
993 540 1251 586 tractabantur,
1281 553 1351 578 non
1379 552 1534 591 semper,
1558 543 1599 576 ut
1615 551 1681 588 par
1696 543 1785 582 erat,

168 602 305 637 ratione
326 599 464 644 habita,
489 599 751 648 philosophiae,
775 612 865 648 quae
885 612 977 638 nunc
998 604 1064 645 est,
1087 601 1240 636 inventis
1261 601 1529 648 praeceptisque
1551 599 1693 635 nimium
1721 599 1787 634 tri-

167 658 314 695 buentes
330 658 533 704 generatim,
556 669 656 704 quam
676 660 711 694 in
725 662 860 707 partem
875 661 901 694 ii
921 657 1118 707 accipiendi
1131 661 1261 702 essent,
1286 661 1534 706 exposuerunt.
1580 656 1689 693 Haud
1706 657 1787 703 qui-

167 715 246 751 dem
260 715 400 760 infitior,
425 715 679 752 similitudinem
691 716 863 764 quandam
877 728 997 753 eorum
1011 719 1046 753 in
1064 716 1163 753 libris
1177 719 1337 752 veterum
1350 718 1532 763 poetarum
1546 714 1611 750 vel
1624 714 1786 762 philoso-

165 773 322 820 phorum,
347 774 406 819 qui
424 773 471 809 de
487 773 542 808 his
556 777 637 808 sunt
648 775 780 821 scripti,
804 777 958 823 perspici
973 785 1092 822 posse,
1116 773 1184 809 sed
1199 777 1314 809 tamen
1327 775 1493 820 ignorare
1507 784 1578 808 non
1590 783 1786 820 possumms,

168 829 315 865 eandem
337 828 492 866 fabulam
515 830 560 867 ab
584 829 656 866 alio
676 830 781 867 aliter
801 842 883 868 esse
902 833 1015 867 animo
1030 833 1236 879 conceptam
1250 835 1287 866 et
1302 832 1462 866 oratione
1478 833 1654 874 ornatam,
1679 828 1785 875 quod,

167 891 207 922 ut
236 898 307 923 uno
330 890 463 923 tantum
484 892 564 923 utar
587 888 751 936 exemplo
764 915 774 933 ,
814 901 864 925 ex
893 891 954 934 iis,
990 901 1080 936 quae
1113 889 1160 924 de
1183 888 1396 925 Prometheo
1430 888 1546 925 relata
1579 887 1787 931 invenimus,

168 945 256 979 satis
270 946 583 992 cognosciturwj.
607 945 746 981 Etenim
757 945 927 982 hominum
938 948 1092 994 ipsorum
1101 950 1227 981 natura
1240 947 1290 981 ita
1298 946 1378 990 fert,
1402 949 1452 990 ut,
1469 944 1592 991 quales
1600 945 1787 990 unicuique

166 1012 227 1039 res
250 1013 317 1050 pro
340 1003 482 1050 ingenio
506 1002 780 1050 eruditionisque
803 1003 913 1040 modo·
932 1006 1034 1041 visae
1058 1006 1145 1049 sint,
1169 1004 1261 1043 tales
1284 1007 1399 1039 mente
1412 1002 1616 1038 informatas
1635 1001 1787 1048 eloqua-

165 1062 232 1104 tur,
255 1059 319 1095 vel
341 1059 456 1096 literis
480 1062 661 1109 exprimat.
708 1062 866 1098 Maxime
889 1073 979 1099 vero
994 1062 1212 1110 Aeschylus,
1237 1073 1338 1108 quem
1360 1062 1491 1108 ingenii
1506 1060 1664 1096 acumine
1679 1063 1786 1105 atque

164 1116 345 1161 ubertate,
368 1128 435 1153 nec
458 1129 528 1153 non
551 1120 653 1153 animi
678 1118 827 1165 quadam
849 1121 1127 1166 magnificentia,
1153 1131 1223 1167 qua
1247 1120 1480 1163 excitaretur,
1512 1122 1567 1163 ut,
1591 1116 1786 1171 repudiatis

165 1174 227 1220 iis,
261 1185 350 1222 quae
374 1179 493 1211 essent
516 1177 552 1211 in
576 1177 745 1212 communi
769 1177 867 1213 vitae
891 1177 1164 1223 consuetudine,
1199 1177 1370 1212 altissima
1403 1186 1563 1223 quaeque
1587 1174 1785 1222 adpeteret,

163 1234 256 1268 inter
277 1243 396 1268 omnes
419 1237 544 1281 poetas
568 1245 719 1281 graecos
744 1235 978 1272 excellentem
1000 1235 1111 1272 fuisse
1135 1238 1293 1280 constat,
1323 1235 1498 1283 propriam
1520 1244 1619 1269 suam
1640 1231 1786 1280 myth>—

168 1301 243 1325 rum
280 1289 569 1338 explicandorum
600 1293 695 1327 viam
725 1293 923 1338 ingressus,
956 1305 1073 1340 quum,
1108 1292 1276 1340 quidquid
1306 1296 1384 1329 erat
1412 1294 1449 1327 in
1480 1290 1611 1327 fabulis
1634 1288 1785 1338 grande,

166 1347 354 1384 excelsum
377 1352 414 1384 et
435 1348 636 1393 honestum,
676 1349 716 1385 id
739 1349 922 1398 amplexus
946 1351 993 1386 ad
1017 1362 1078 1397 ea,
1103 1362 1194 1397 quae
1217 1353 1294 1399 ipse
1317 1350 1429 1387 sensit
1452 1348 1499 1385 de
1521 1348 1628 1385 rebus
1652 1346 1785 1387 divinis

168 1408 274 1451 atque
287 1405 454 1449 humanis,
480 1406 772 1451 accommodaret,
797 1418 874 1443 cum
898 1407 978 1443 aliis
1001 1410 1117 1455 poetis
1141 1410 1176 1443 in
1199 1419 1244 1444 eo
1270 1419 1403 1455 genere
1426 1407 1570 1443 multum
1594 1406 1786 1453 discrepat.

166 1462 310 1510 Itaque,
340 1464 408 1498 nisi
431 1465 618 1509 rationem,
658 1476 726 1511 qua
749 1464 812 1501 ille
835 1476 894 1501 res
918 1467 1031 1501 animo
1055 1465 1248 1510 effinxerit,
1281 1475 1547 1512 persequamur,
1583 1464 1619 1499 in
1644 1473 1785 1499 sensum

164 1520 247 1566 ejus
271 1524 503 1567 mentemque,
543 1533 633 1568 quae
656 1524 692 1557 in
714 1524 885 1570 poematis
908 1523 953 1559 ab
977 1534 1022 1559 eo
1047 1525 1248 1572 compositis
1273 1524 1401 1570 spirat,
1432 1523 1564 1557 intrare
1585 1532 1655 1556 non
1678 1523 1783 1568 pote-

163 1578 280 1612 rimus.
343 1578 412 1613 His
440 1579 546 1625 igitur
578 1589 711 1614 mecum
735 1579 968 1615 consideratis
990 1580 1172 1625 intellexi,
1211 1582 1241 1615 si
1266 1579 1485 1626 cognoscere
1507 1577 1656 1621 vellem,
1697 1576 1783 1623 quid

162 1634 350 1683 Aechylus
380 1634 521 1685 agitans
543 1635 733 1686 Supplices
763 1638 979 1687 scripsisset,
1013 1637 1107 1675 hanc
1131 1639 1366 1686 quaestionem
1394 1637 1445 1671 ita
1468 1645 1551 1671 esse
1573 1633 1782 1679 babendum,

163 1696 202 1727 ut
224 1694 341 1737 initio,
366 1694 450 1740 quid
473 1694 535 1730 alii
557 1695 754 1742 mythorum
776 1698 986 1744 interpretes
1008 1698 1284 1745 excogitassent,
1307 1706 1378 1731 non
1400 1695 1628 1743 inspicerem,
1652 1692 1720 1730 sed
1743 1697 1784 1729 ut

161 1751 303 1798 saepius
326 1750 482 1800 legendo
505 1752 724 1800 tragoediam
746 1754 824 1802 ipse
847 1754 1094 1799 observarem,
1119 1765 1188 1801 quo
1204 1754 1272 1789 hoc
1289 1762 1416 1800 poema
1430 1753 1588 1787 *maxime
1605 1750 1781 1787 tenderet.

163 1807 268 1854 Quod
291 1819 393 1855 quum
415 1809 596 1855 fecissem,
635 1815 672 1847 et
692 1813 746 1847 ita
765 1815 881 1848 mente
915 1810 1222 1860 comprehendisse
1253 1810 1334 1848 mihi
1358 1809 1523 1854 viderer,
1564 1808 1648 1857 quid
1671 1812 1782 1858 poeta

163 1868 380 1912 spectasset,
417 1867 475 1912 id,
513 1868 606 1914 quod
639 1867 765 1914 didici,
805 1879 883 1904 cum
905 1870 967 1912 iis,
1014 1879 1104 1915 quae
1143 1869 1256 1905 Otofr.
1280 1867 1536 1904 Muellerus
1565 1869 1630 1912 ι4)
1668 1870 1706 1903 et
1735 1867 1778 1902 P.

162 1921 379 1959 Stuhrius
406 1926 489 1970 ¹⁵),
520 1924 676 1962 homines
706 1926 871 1970 omnium,
907 1927 965 1972 qui
1001 1925 1102 1962 hisce
1131 1925 1385 1963 recentioribus
1417 1924 1630 1974 temporibus
1660 1924 1777 1960 studia

211 2072 260 2114 ¹⁸)
288 2074 407 2114 Optime
435 2075 494 2106 hoe
520 2064 650 2115 intelligi
687 2075 813 2114 poterit,
854 2075 882 2106 si
909 2076 998 2106 modo
1027 2075 1335 2113 consideraverimus,
1370 2074 1616 2115 quemadmodum
1647 2071 1776 2102 eundem

282 2115 416 2154 mythum
435 2116 602 2155 Aeschylus
627 2117 661 2145 in
681 2115 830 2146 Prometh.
852 2115 951 2148 Vinet.
976 2120 1005 2146 et
1025 2116 1111 2147 Plato
1131 2117 1164 2146 in
1185 2117 1284 2154 libro,
1306 2117 1357 2155 qui
1376 2116 1539 2153 inscriptus
1559 2117 1606 2143 est
1625 2113 1775 2151 Protago-

279 2162 348 2191 ras,
383 2164 409 2186 e.
430 2155 493 2187 xl.
511 2156 769 2194 pertractaverint.

208 2201 255 2243 ¹⁴)
273 2203 323 2274 {a
349 2205 451 2277 liz-3·
492 2206 708 2246 Prolegomenu
735 2216 774 2237 zu
802 2207 887 2237 einer
916 2206 1226 2238 wissenschartlichen
1247 2205 1442 2246 Mythologie.
1486 2203 1656 2243 (loningen.
1684 2203 1773 2238 182⁵,

206 2292 267 2342 ²⁸)
283 2252 540 2343 Iitglibroguble
552 2255 845 2337 §.eligio-qimam
873 2296 929 2328 der
947 2296 1096 2328 Hellenen
1116 2298 1149 2328 iu
1169 2289 1523 2335 ihrer'g‘esehichtlichen
1544 2293 1776 2332 Entwickelung

280 2334 329 2366 lus
350 2335 404 2367 nui*
422 2336 719 2375 dnmacedonsseh
737 2337 812 2370 zeit.
853 2337 957 2369 Berlin
979 2339 1068 2371 1838.
1110 2338 1180 2377 Png.
1200 2338 1261 2369 347
1283 2346 1311 2367 u.
1334 2346 1360 2367 s.
1382 2345 1421 2367 w.
